3120 5138
773 326 973 431 *Agma-
1094 360 1099 371 ,

498 529 549 598 A:
572 531 644 596 Hoc
666 542 908 620 postremumst:
932 556 992 601 vae
1015 535 1117 605 vobis.

569 633 629 699 Ibo
652 647 751 720 atque
773 636 858 703 hunc
880 637 1092 726 compellabo.

496 734 546 804 P:
569 736 641 802 Hoc
663 739 860 823 postremum
881 751 930 806 est
951 741 1054 809 vobis.

570 837 629 904 Ibo
651 842 750 927 atque
771 841 857 906 hunc
880 842 1049 930 compello.

264 940 382 1004 etenim
419 951 589 1029 postquam
626 944 733 1030 priore
775 967 873 1009 versu
905 967 959 1010 oue
996 958 1071 1012 ante
1106 948 1185 1011 voto
1222 947 1363 1031 excidit,
1409 949 1486 1016 inde

264 1054 425 1109 corrector
446 1047 542 1110 metri
565 1047 765 1132 insequentis
788 1069 900 1113 versus
923 1048 1068 1115 mutandi
1089 1072 1203 1116 ansam
1225 1052 1329 1139 oepit,
1353 1053 1486 1118 minime

263 1145 316 1225 ille
339 1168 456 1211 curans
479 1169 584 1235 neque
605 1157 787 1235 temporum
815 1149 1049 1216 intolerabilem
1070 1153 1354 1220 inconcinnitatem
1377 1177 1485 1241 neque

262 1251 500 1337 insequentium
522 1273 674 1316 versuum
697 1261 844 1317 metrum.

835 1437 907 1521 ξε.

345 1556 384 1621 In
397 1556 613 1624 Ambrosieno
628 1578 796 1627 mensurae
807 1556 1006 1644 syllabarum
1019 1559 1188 1627 Plautinae
1200 1561 1316 1627 aetatis
1330 1562 1483 1651 propriae

262 1658 305 1725 od
328 1681 457 1739 normas
479 1659 688 1747 prosodiacas
712 1661 898 1726 recentioris
919 1662 1035 1727 aetatis
1057 1673 1198 1729 mutatae
1222 1674 1297 1730 sunt
1320 1663 1415 1730 Stes.
1438 1665 1481 1733 64

301 1763 348 1831 P:
371 1764 443 1830 Non
464 1763 609 1829 homines
632 1763 778 1829 habitere
800 1786 927 1829 mecum
949 1764 1027 1830 mibi
1049 1750 1104 1831 bic
1125 1766 1293 1848 videntur,
1315 1766 1373 1833 sed
1396 1790 1480 1837 sues.

161 1911 163 1916 -
260 1870 289 1932 A
324 1866 429 1932 deleto
458 1867 506 1930 bic
532 1887 713 1930 mensuram
744 1867 822 1930 milri
852 1851 900 1933 oie
920 1869 1055 1950 sustulit,
1082 1868 1116 1934 id
1153 1868 1239 1956 quod
1265 1868 1479 1956 Niemeyerus

259 1962 388 2058 quoque
398 1971 446 2056 (p.
458 1968 514 2055 26)
525 1967 681 2051 concedit,
695 1990 769 2034 cum
781 1972 973 2037 novissimus
985 1971 1090 2036 editor
1096 1970 1250 2038 Goetnius
1260 1971 1479 2040 Ambrosiano

259 2097 293 2139 se
315 2072 468 2139 addicere
490 2070 647 2137 maluerit.

343 2177 412 2240 Mil
434 2175 510 2260 plor.
536 2171 616 2241 1138
1191 2230 1193 2237 .

300 2279 351 2346 A:
373 2277 542 2362 Neminem
572 2274 689 2340 video
723 2275 802 2339 nisi
834 2273 953 2353 hunc,
980 2297 1076 2362 quom
1099 2274 1246 2341 volumus
1274 2287 1480 2347 conventum.

665 2386 697 2442 et
715 2399 777 2462 ego
799 2398 866 2442 vos.

299 2485 347 2551 P:
369 2476 623 2568 Neminem'pol
646 2479 762 2545 video
785 2480 866 2544 nisi
888 2477 1004 2557 bunc,
1029 2501 1174 2566 queme.
1190 2502 1262 2565 q.s.

335 2586 531 2653 Ritochelius
542 2584 629 2671 quod
640 2583 718 2646 launo
730 2581 895 2668 utriusque
907 2582 1102 2649 recensionis
1113 2583 1303 2649 testimoniis
1314 2583 1478 2650 firmatum

256 2691 401 2773 removit,
418 2687 535 2752 Plauto
552 2687 617 2750 vim
632 2683 751 2762 intulit,
771 2684 894 2772 quippe
908 2706 950 2750 ex
966 2685 1057 2751 cuius
1072 2708 1132 2751 usn
1149 2685 1279 2752 dicendi
1299 2708 1478 2774 pronomen

258 2789 545 2858 demonstrativum
577 2788 770 2875 requiratur.
814 2786 1013 2853 Ribbeckius
1045 2788 1296 2855 Ambrosianum
1320 2791 1476 2876 sequitur,

257 2918 321 2962 non
350 2897 432 2983 quis.
452 2913 639 2958 mensuram
666 2892 726 2954 uisi
753 2889 831 2954 lunc
857 2892 963 2957 minus
990 2891 1142 2956 usitatam
1173 2891 1350 2973 existimet,
1379 2913 1478 2978 quam

257 3021 341 3088 quae
369 2995 496 3063 admitti
526 2997 628 3080 possit
659 2993 806 3081 (admisit
833 2993 918 3059 enim
945 2994 1018 3080 quio
1045 2992 1123 3058 tuno
1144 3016 1176 3058 v.
1195 2991 1273 3074 472,
1309 2993 1362 3078 epo
1397 2992 1476 3058 lucino

255 3127 285 3170 v.
305 3101 410 3188 1008),
438 3099 494 3165 sed
522 3097 591 3163 sola
618 3099 810 3162 auctoritate
838 3093 1044 3162 Ambrosieni
1072 3094 1221 3165 confisus.
1270 3104 1414 3161 attamen
1443 3106 1478 3162 nt

252 3207 309 3294 pol
337 3202 543 3270 affirmationi
570 3198 807 3287 Milphidippae
835 3199 1038 3285 aptissimum
1067 3208 1129 3280 est,
1158 3198 1204 3262 ita
1232 3207 1381 3285 apparet,
1411 3219 1477 3285 qua

255 3310 379 3373 ratione
401 3307 435 3370 in
457 3304 487 3369 A
509 3303 652 3368 deletum
674 3302 734 3386 sit3
756 3301 990 3387 correptionem
1014 3299 1099 3365 enim
1121 3302 1211 3367 vocis
1226 3300 1304 3365 duno
1325 3299 1476 3366 vitiosam

257 3410 384 3493 habuit,
408 3407 465 3496 qui
487 3405 701 3492 archetypum
722 3402 931 3469 Ambrosiani
953 3403 1123 3470 recensuit.
1160 3400 1344 3488 corrigendi
1367 3412 1476 3473 autem

255 3513 426 3579 consilium
442 3521 478 3576 ut
493 3520 642 3586 statuam,
665 3530 703 3574 eo
725 3507 930 3596 potissimum
954 3504 1108 3588 adducor,
1132 3503 1219 3593 quod
1240 3504 1377 3573 alterum
1394 3506 1475 3570 eius·

256 3616 329 3683 dem
348 3613 559 3694 'correctionis
584 3611 768 3697 exemplum
792 3618 881 3674 extat
896 3609 990 3673 Poeo.
1009 3605 1092 3672 1366

294 3716 379 3785 Fiat.
423 3718 556 3804 sequere
578 3713 663 3778 intro
685 3720 800 3798 patrue
822 3708 877 3788 mi,
898 3709 940 3775 ut
962 3709 1065 3775 hisne
1084 3708 1204 3775 feetsrm
1225 3705 1312 3773 diem

296 3820 487 3886 Habeamus
509 3815 686 3904 hilure[m].
696 3816 724 3902 ²)

255 3924 301 3989 sic
322 3922 361 4001 P,
395 3941 469 3988 eum
502 3920 537 3985 in
563 3919 598 3984 A
624 3919 702 3982 bunc
734 3915 935 3982 omittatur..
964 3935 1060 3999 quem
1093 3933 1134 3979 ue
1165 3910 1239 4000 quis
1273 3910 1474 3998 sequendum

254 4026 368 4102 ducat,
390 4024 470 4089 haec
490 4023 590 4088 effero
606 4019 768 4108 exempla:
790 4019 888 4105 Epic.
907 4016 969 4081 157
991 4025 1038 4095 ,ut
1059 4015 1146 4083 hunc
1160 4014 1257 4082 bodie
1271 4014 1359 4081 diem
1382 4014 1471 4082 lucu·

253 4129 337 4194 lente
358 4127 545 4192 habeamus‘
566 4125 660 4191 &iola
677 4120 741 4188 453
767 4142 818 4199 ‚ne
840 4140 902 4208 ego
922 4119 1009 4184 huno
1034 4118 1140 4184 lacero
1156 4117 1253 4189 diem‘
1287 4116 1350 4183 421
1373 4138 1471 4200 ,nunc

253 4232 345 4296 hunc.
355 4228 440 4295 diem
455 4250 556 4294 unum
570 4227 644 4293 volo
659 4247 710 4291 me
727 4223 903 4290 eleutheria
919 4229 1026 4307 agere‘
1040 4220 1106 4300 424
1119 4243 1239 4300 ,sumas
1253 4217 1313 4289 tibi
1326 4218 1369 4285 In
1386 4220 1473 4295 hunc

253 4333 359 4399 diem‘.
409 4342 458 4397 est
486 4340 593 4397 autem
620 4328 675 4393 hic
707 4325 801 4391 locus>
824 4345 883 4413 pro
909 4322 1091 4388 certissimo¹
1112 4323 1304 4389 documento
1331 4321 1472 4410 correpti

340 4555 361 4624 ¹)
377 4553 412 4608 ef.
431 4553 542 4622 Hesper
560 4551 592 4603 de
610 4550 692 4604 Poen.
709 4547 799 4601 Ploot.
818 4544 891 4615 dupe
909 4546 978 4598 auu
993 4561 1022 4616 p.
1040 4544 1081 4600 lb.
