3120 5138
762 289 804 352 23

257 489 329 555 Iam
367 491 520 575 quoniam
554 491 642 556 Festi
685 492 826 576 epitoma
858 515 899 557 ex
933 491 1029 560 Verri
1062 490 1174 556 Flacci
1209 511 1306 576 opere
1339 511 1392 555 ex·

170 603 282 678 cerpta
305 605 368 672 cst,
397 616 438 659 ex
467 594 521 672 iis,
551 616 635 679 quae
656 593 872 680 Leidolplrum
903 594 1003 661 secuti
1032 593 1255 681 exposuimus,
1286 615 1394 658 conse·

170 695 296 780 quitur,
315 718 319 723 ’
335 697 399 761 iam
435 696 529 762 Verri
565 694 677 762 Flacci
717 707 861 784 tempore
893 697 1118 763 Plautinarum
1155 695 1393 761 comoediarum

170 798 371 884 exemplaria
398 799 431 863 in
460 798 542 864 duas
569 800 772 866 recensiones
800 799 985 865 discessisse
1012 799 1159 873 easdem,
1187 820 1271 883 qnae
1297 797 1393 864 hodie

171 900 394 968 Ambrosiano
424 902 632 989 palimpsesto
660 913 693 967 et
719 901 876 967 Palatinis
905 901 1069 967 codicibus
1101 911 1392 986 repraesentantur.

169 1026 255 1088 quae
293 1027 344 1070 res
378 1028 398 1068 a
431 1003 612 1090 Leidolpho
643 1004 783 1090 primum
823 1004 940 1070 diserte
979 1003 1127 1092 exposita
1165 1002 1393 1089 comprobatur

168 1104 329 1172 Plautinis
357 1106 436 1172 locis
464 1106 551 1192 apud
582 1104 725 1172 Nonium
751 1105 903 1184 serratis,
937 1105 988 1171 cui
1018 1107 1075 1194 qui
1101 1107 1181 1171 haec
1209 1107 1392 1194 suppedita-

168 1220 285 1275 verunt
305 1222 451 1275 auctores
474 1231 511 1274 eo
534 1220 677 1295 tempore
699 1210 870 1287 vixerunt,
894 1231 959 1294 quo
980 1209 1183 1297 grammatici
1203 1208 1296 1274 latini
1318 1231 1392 1275 cum

169 1312 391 1377 Ambrosiana
423 1325 492 1378 tum
513 1310 663 1377 Palatina
685 1312 872 1377 recensione
893 1313 1077 1378 utebantur.

254 1431 320 1499 Sed
357 1443 393 1498 ut
429 1431 471 1497 ad
508 1453 576 1496 rem
613 1432 799 1497 redeamnsr
844 1431 983 1497 vidimus
1023 1430 1073 1495 his
1116 1428 1265 1496 omnibus
1303 1430 1392 1511 locis,

169 1557 308 1620 quorum
341 1535 375 1600 in
409 1532 536 1600 duabus
568 1533 811 1601 recensionibns
844 1533 972 1597 diversa
1005 1532 1165 1617 scriptura
1198 1543 1306 1598 certe
1343 1534 1391 1598 ad

168 1637 281 1706 Verri
322 1636 459 1702 Flacci
502 1649 680 1723 tempora
720 1639 910 1714 refertur,
947 1634 1133 1700 Palatinam
1172 1637 1392 1702 recensionem

169 1761 280 1805 veram
304 1739 472 1805 lectionem
496 1739 659 1817 exhibere,
682 1749 794 1804 contra
808 1736 1061 1804 Ambrosianum
1085 1737 1151 1802 iam
1173 1748 1242 1804 tum
1258 1762 1391 1826 operam

168 1841 456 1929 grammaticorum
489 1852 658 1927 expertum
690 1862 776 1919 csse,
809 1839 864 1926 qni
898 1838 1004 1905 verbis
1033 1830 1174 1924 antiquis
1202 1864 1261 1907 sua
1287 1853 1391 1909 aetate

168 1945 234 2009 iam
257 1966 320 2009 non
344 1943 515 2010 intellectis
538 1943 577 2008 de
601 1966 659 2009 sno
681 1944 811 2030 ingenio
832 1942 897 2008 alia
919 1942 1164 2009 substituebant.

255 2046 361 2132 Quam
401 2046 630 2112 correctionem
667 2046 764 2111 etiam
801 2046 898 2110 latius
935 2046 1000 2111 iam
1037 2057 1105 2110 tum
1141 2046 1283 2132 patuisse
1316 2070 1390 2114 cum

169 2172 274 2228 nemo,
290 2150 351 2215 nisi
367 2151 422 2234 qui
439 2172 518 2214 sana
539 2149 663 2215 ratione
680 2148 851 2215 destitutus
867 2149 918 2226 sit,
940 2170 1059 2235 negare
1076 2148 1186 2234 possit,
1209 2149 1389 2234 paullulum

169 2251 375 2316 retractanda
401 2250 463 2315 erit
494 2249 603 2336 opinio
637 2273 766 2328 eorum,
803 2250 859 2335 qui
896 2272 937 2316 ex
975 2259 1136 2316 vetustate
1172 2250 1390 2319 Ambrosiano

168 2376 328 2419 summam
368 2353 599 2441 praestantiam
644 2352 873 2419 vindicandam
911 2363 943 2417 et
978 2351 1047 2418 eius
1083 2353 1273 2419 anctoritate
1311 2355 1389 2421 locis

167 2455 275 2522 dubiis
307 2456 396 2522 litem
430 2456 671 2523 diiudicandum
703 2459 785 2522 esse'
805 2455 956 2520 dixerunt
989 2457 1042 2538 (cf.
1066 2477 1093 2524 e.
1116 2478 1148 2543 g.
1178 2455 1389 2543 Niemeyerus

167 2581 199 2644 p.
230 2559 271 2624 10
297 2564 369 2643 sq.).
423 2581 562 2644 namque
590 2560 714 2624 irritam
734 2580 803 2623 esse
835 2559 991 2623 rationem
1019 2559 1220 2643 antiquitatis
1246 2576 1389 2646 apparet,

168 2660 196 2725 si
231 2660 297 2725 iam
335 2661 469 2727 vetustis
512 2659 710 2749 temporibus
749 2660 1000 2725 Ambrosianam
1041 2661 1260 2727 recensionem
1301 2662 1389 2728 haud

169 2762 374 2828 mediocriter
395 2787 415 2829 a
436 2763 656 2851 grammaticis
678 2763 889 2828 deformatam
910 2762 1010 2828 fuisse
1033 2763 1189 2830 videmus.

252 2866 364 2951 Atque
387 2887 470 2953 quae
492 2865 532 2929 de
555 2878 708 2950 tempore,
730 2885 794 2948 quo
815 2863 1018 2929 recensiones
1039 2864 1114 2930 illae
1134 2866 1300 2932 institutae
1315 2869 1389 2947 sint,

167 2967 366 3056 Leidolphus
393 2968 559 3046 disseruit,
596 2967 636 3032 iis
670 2979 706 3032 nt
727 2966 857 3032 incertis
886 2988 972 3031 nunc
1004 2967 1135 3052 quidem
1163 2970 1288 3035 omissis
1316 2992 1389 3035 cam

167 3071 376 3148 sententiam,
416 3092 514 3154 quam
552 3071 592 3135 de
625 3069 815 3135 auctoritate
849 3080 880 3134 et
912 3070 1015 3154 pretio
1048 3070 1256 3137 Ambrosiani
1273 3062 1389 3159 'supra

167 3171 369 3259 protulimus,
393 3173 549 3258 exemplis
572 3172 733 3238 illustrare
756 3172 929 3260 pergimus.

257 3276 338 3340 Trio.
360 3275 423 3340 252
445 3276 479 3340 in
502 3275 742 3341 enumeratione
757 3297 923 3340 servorum
940 3297 1171 3360 servorumque
1186 3277 1388 3343 recensiones

167 3377 213 3442 ita
250 3377 449 3464 discrepant,
493 3396 528 3444 ut
560 3379 594 3444 A
630 3381 784 3466 cenbpice
816 3378 965 3464 (eiusque
1001 3379 1220 3444 recensionem
1259 3393 1387 3446 secutus

166 3477 294 3546 Nonius
316 3500 348 3565 p.
383 3481 435 3564 12,
461 3481 500 3546 18
532 3483 707 3568 certiepicr),
745 3480 771 3544 P
804 3482 953 3566 cestiplice
984 3481 1121 3547 tradant.
1177 3494 1274 3567 atque
1309 3506 1386 3549 voce

167 3584 324 3668 rutupina
345 3582 472 3649 Nonius
495 3605 570 3648 usos
593 3605 663 3649 esse
684 3593 794 3647 narrat
814 3583 989 3648 Afranium
1011 3592 1043 3648 et
1062 3582 1259 3663 Varronem3
1283 3608 1386 3671 neque

168 3685 255 3769 qnod
266 3685 366 3750 sciam
378 3696 545 3771 practerea
555 3685 590 3750 in
601 3684 715 3750 litteris
726 3685 898 3751 invenitur.
922 3686 1010 3751 vocis
1019 3688 1173 3772 vcstiplicc
1183 3687 1264 3753 haec
1276 3697 1388 3754 extant

166 3787 363 3854 testimonia:
402 3786 538 3873 Quintil.
571 3789 696 3852 dechtm.
724 3787 797 3853 363.
830 3787 867 3854 O.
894 3788 922 3856 Ι.
951 3787 989 3852 L.
1012 3789 1065 3859 VI
1090 3789 1184 3854 9901.
1213 3789 1270 3854 ΙΧ
1292 3790 1387 3857 3318.

166 3891 332 3978 centiplicos
362 3890 482 3975 legitur
519 3887 556 3956 (l.
581 3890 609 3955 Ι.
642 3889 680 3958 L.
710 3889 760 3958 VI
797 3889 891 3958 9981.
928 3891 1021 3956 7301.
1053 3894 1207 3981 cestbpt‘co
1234 3891 1271 3958 O.
1299 3892 1326 3961 I.
1347 3892 1386 3962 L.

167 3993 217 4060 VI
238 3992 333 4059 9912.
381 4014 477 4079 porro
509 4004 599 4058 extat
624 3993 747 4080 glossa:
783 3992 974 4079 ,vestiplica,
1008 3995 1143 4072 femina,
1177 4017 1261 4079 quae
1281 4007 1386 4061 vestes

165 4179 282 4236 Festum
303 4183 387 4234 extat.
423 4197 541 4249 quornm
563 4180 635 4234 alter
656 4195 768 4236 versum
791 4179 966 4236 Cistellariae
989 4181 1124 4237 exhibens
1142 4181 1234 4248 (Paul.
1250 4201 1278 4252 p.
1295 4182 1340 4252 52)
1356 4183 1387 4237 in

165 4265 270 4322 nostris
287 4263 430 4320 codicibus
448 4264 561 4320 omnino
579 4265 666 4332 deest,
689 4265 760 4319 alter
782 4265 882 4335 (Aulal.
894 4266 955 4334 cto)
973 4265 1132 4321 simillimus
1150 4270 1193 4321 est
1209 4267 1279 4320 locis
1304 4285 1387 4336 supra

165 4349 303 4406 tractatis.
337 4349 443 4405 habent
469 4349 544 4404 enim
572 4349 596 4404 P
620 4354 650 4406 et
672 4349 752 4404 Paul.
781 4367 809 4421 p.
832 4352 866 4406 28
890 4352 1005 4418 conlcto,
1028 4350 1102 4405 Fest.
1125 4369 1152 4423 p.
1172 4353 1221 4407 178
1247 4353 1384 4417 oculatum,
1449 4364 1451 4367 ·

164 4436 239 4491 unde
257 4434 430 4506 Leidolphus
453 4435 514 4489 iure
533 4434 698 4490 concludere
716 4435 837 4504 videtur,
860 4436 890 4491 in
906 4437 933 4491 A
950 4452 1067 4507 quoqne,
1084 4437 1185 4505 inquo
1203 4439 1324 4492 aetatem
1340 4437 1387 4495 hic

164 4520 242 4577 locus
259 4537 315 4575 non
333 4520 409 4587 tulit,
425 4519 510 4574 fuisse
528 4521 665 4574 oculatam.
