3120 5138
687 322 888 421 -16—7-

175 545 261 610 quae
284 525 315 589 in
339 525 373 590 A
389 527 471 590 Tria
494 526 568 604 651,
591 525 742 592 videlicet
764 549 804 592 ne
826 527 928 593 verba
949 549 1073 614 operam
1094 529 1180 606 dore,
1202 550 1286 616 quae
1301 526 1397 596 unius

176 625 269 690 verbi
291 626 454 692 notionem
476 627 605 712 habent,
630 629 834 695 dirimantur.

221 746 287 813 Coa.
310 745 420 826 1116,
449 747 491 812 24
522 747 616 830 ,Tam
649 748 728 812 mihi
757 771 829 813 mea
852 749 936 827 vita,
968 747 1042 816 Tua
1066 771 1169 838 quam
1197 749 1259 817 tibi
1282 758 1400 816 carast‘

174 849 224 928 A;
247 871 356 933 ,quam
380 862 436 916 tua
458 850 517 916 tibi
540 861 655 916 carast‘
677 850 715 915 P.

262 953 303 1016 In
325 953 375 1017 his
405 975 470 1018 non
494 963 561 1018 tam
586 954 711 1018 fervide
734 975 845 1039 agam,
875 963 910 1020 ut
931 975 1047 1041 negem
1076 977 1154 1022 casu
1182 957 1320 1022 fortasse
1346 955 1400 1022 bic

174 1055 241 1120 illio
263 1077 328 1118 non
344 1055 478 1121 consilio
502 1053 661 1122 eiusmodi
682 1058 877 1123 mutationes
899 1069 1028 1123 exortas
1051 1080 1120 1124 esse
1141 1057 1194 1124 vel
1217 1059 1285 1124 fieri
1307 1081 1400 1148 posse

174 1170 210 1224 ut
233 1159 316 1224 inter
337 1159 425 1224 locos
449 1170 652 1226 enumeratos
675 1184 759 1228 unus
783 1160 904 1227 alterve
920 1169 1020 1239 extet,
1044 1183 1108 1245 quo
1131 1161 1307 1248 simplicior
1329 1183 1398 1228 ver-

173 1260 288 1325 borum
316 1262 396 1327 ordo
424 1260 465 1325 ad
488 1263 595 1348 ipsum
618 1264 775 1330 Plautum
805 1263 994 1331 referendus
1016 1265 1073 1342 sit;
1101 1287 1176 1328 nam
1200 1275 1294 1332 caute
1318 1264 1399 1333 iudi·

174 1364 315 1430 candum
345 1386 415 1429 esse
443 1385 482 1428 ea
503 1387 554 1430 res
582 1389 640 1431 nos
664 1376 789 1451 monet,
820 1367 906 1451 quod
934 1366 1096 1433 interdum
1123 1368 1305 1455 exquisitae
1331 1389 1400 1434 ver·

172 1467 287 1532 borum
298 1466 515 1532 collocationis
531 1469 672 1555 speciem
688 1470 838 1537 fallacem
854 1491 923 1534 esse
936 1468 1009 1534 aliis
1024 1467 1204 1535 rationibus
1220 1468 1397 1549 evincitur3

174 1569 265 1635 velut
290 1571 373 1635 Trea.
396 1570 439 1635 94

260 1689 301 1755 P:
325 1689 390 1756 Sed
413 1701 448 1756 tu
471 1689 512 1756 dx
537 1691 651 1756 amicis
675 1692 770 1758 certis
792 1693 837 1757 mi
859 1714 893 1758 es
916 1691 1114 1758 certissimus

258 1791 308 1857 A:
331 1791 397 1858 Sed
420 1801 456 1857 tu
479 1792 519 1858 dx
543 1793 655 1860 amicis
677 1795 722 1860 mi
745 1795 779 1861 es
800 1796 897 1861 certis
916 1792 1115 1861 certissimus

171 1912 411 1980 Ambrosianus
434 1913 535 1979 verba
557 1916 662 1978 amictis
683 1917 769 1978 certia
792 1914 952 2002 dirempta
979 1912 1037 1978 sed
1058 1912 1262 1978 foedissimos
1290 1934 1398 1978 nume·

170 2038 225 2080 ros
247 2013 355 2082 habet.

220 2117 303 2182 Tria.
324 2116 389 2184 470
410 2117 458 2183 A:
495 2116 669 2205 ,Adpdsita
691 2139 771 2184 cena
794 2121 859 2197 slt‘3
887 2117 930 2184 P:
954 2114 1127 2206 ,Adposita
1150 2117 1191 2183 sit
1213 2118 1303 2184 cena‘
1326 2140 1399 2185 cum

169 2220 250 2287 vitio
272 2219 416 2286 metrico.

214 2342 284 2406 Mil.
306 2342 384 2428 glor.
408 2339 468 2405 157

256 2444 299 2509 P:
321 2441 368 2508 Ni
398 2443 506 2510 hercle
538 2442 744 2530 diffregeritis
773 2443 855 2510 talos
882 2444 1018 2532 posthac
1046 2465 1206 2529 quemque
1226 2441 1261 2508 in
1281 2443 1399 2530 tegulis

320 2545 476 2613 Videritis
499 2546 650 2625 ebenum,
675 2569 736 2634 ego
760 2557 869 2613 vostra
890 2547 1008 2613 faciam
1031 2547 1135 2614 latera
1154 2546 1243 2613 lorea

257 2651 305 2719 A:
328 2648 484 2715 Videritis
508 2649 658 2728 alienum,
681 2659 790 2714 vestro
813 2672 873 2738 ego
894 2651 1013 2716 faciam
1035 2649 1138 2715 latera
1159 2648 1258 2714 lorea.

167 2752 396 2819 Palatinorum
419 2752 582 2837 scriptura
602 2749 848 2819 commendatur
870 2775 901 2816 v.
924 2753 1036 2818 Pseud.
1062 2751 1123 2816 145

255 2857 309 2922 Ita
332 2878 392 2944 ego
414 2865 524 2922 vostra
545 2857 650 2921 latera
671 2854 748 2920 loris
771 2854 890 2921 faciam
914 2854 1020 2920 valide
1042 2853 1134 2919 varia
1155 2864 1191 2920 ut
1213 2853 1288 2918 sint.

212 2977 324 3042 Pseud.
346 2975 411 3042 390
433 2976 466 3040 in
488 2976 524 3041 A
546 2986 609 3044 est:

257 3077 362 3145 Pauci
384 3100 426 3144 ex
449 3078 559 3146 multis
582 3088 657 3144 sunt
680 3076 789 3155 amici,
813 3076 937 3142 homini
960 3077 1039 3143 certi
1061 3077 1117 3161 qui
1140 3077 1223 3141 sient

166 3181 213 3248 P:
235 3183 290 3268 qui
310 3183 384 3246 corti
402 3185 487 3246 aeret.

212 3303 282 3367 Mil.
303 3303 380 3388 qlor.
402 3301 466 3367 265

253 3404 303 3469 A:
325 3401 414 3468 Novi
436 3423 558 3466 morem
581 3411 728 3487 egomet:
750 3411 857 3468 tacere
881 3423 1017 3486 nequeo,
1041 3405 1128 3468 solus
1151 3404 1238 3491 quod
1259 3405 1336 3471 scio.

165 3507 203 3571 in
224 3505 254 3571 P
281 3528 356 3572 cum
378 3507 461 3592 quod
489 3504 587 3586 desit,
618 3503 753 3570 Brixius
780 3504 814 3568 in
841 3503 1064 3571 Palatinorum
1093 3506 1271 3593 archetypo
1296 3505 1395 3573 tuisse

166 3631 324 3697 ,nequeo
352 3608 457 3693 quod
485 3607 571 3672 solus
599 3608 677 3672 scio‘
707 3616 793 3673 recte
816 3607 955 3694 collegit.
1000 3630 1106 3674 nonne
1129 3609 1180 3673 his
1208 3609 1287 3673 locis
1308 3607 1395 3674 idem

166 3711 363 3779 recensionis
385 3732 498 3798 genus,
521 3709 610 3795 quod
634 3732 732 3796 supra
749 3710 1003 3794 observavimus,
1027 3712 1060 3776 in
1078 3712 1107 3777 P
1129 3733 1287 3799 apparere
1309 3710 1395 3777 vide-

166 3815 244 3882 tur?
266 3825 300 3879 at
322 3836 432 3879 eorum
455 3814 648 3899 scripturam
669 3835 782 3879 veram
811 3836 882 3881 esse
905 3813 1105 3882 demonstrat
1126 3814 1320 3882 reconditior
1341 3813 1393 3880 lex

165 3917 369 4005 rhythmica,
396 3937 481 4001 quae
502 3916 537 3980 in
559 3916 593 3981 A
614 3916 764 4002 neglecta
785 3927 844 3984 est.
888 3917 1022 3984 Brixius
1049 3918 1136 3983 enim
1167 3915 1394 3983 animadvertit

165 4019 322 4087 Plautum
344 4021 378 4085 in
393 4019 455 4083 hoc
477 4019 570 4084 metri
586 4041 704 4105 genere
719 4021 834 4099 vitare,
857 4021 885 4084 si
907 4021 975 4086 fieri
991 4023 1102 4106 possit,
1125 4019 1205 4086 tales
1223 4029 1392 4086 accentus:

165 4123 246 4190 addus
262 4124 345 4210 quod
366 4124 435 4197 acio,
459 4124 533 4186 corti
546 4127 601 4209 qut
619 4125 713 4199 siem·
734 4122 899 4188 adamavit
923 4137 1031 4190 autem
1054 4125 1135 4210 qrodd
1154 4123 1231 4188 solda
1251 4124 1320 4202 aeto,
1343 4126 1398 4210 qut

165 4228 243 4292 certi
267 4228 358 4302 ao‘cat3
386 4225 426 4293 of.
448 4223 582 4291 Brixius
609 4227 644 4290 in
667 4249 742 4312 app.
769 4228 839 4292 crit.
861 4228 904 4293 ad
932 4230 1002 4294 Mil.
1024 4229 1100 4315 glor.
1123 4227 1196 4292 265.
1241 4226 1332 4292 vides
1359 4227 1394 4292 in

168 4327 380 4416 exquisitiore
410 4327 462 4394 vel
490 4327 685 4414 simpliciore
714 4329 888 4396 verborum
917 4331 1126 4397 collocatione
1162 4330 1394 4397 adminiculum

171 4432 253 4497 artis
277 4431 408 4496 criticae
430 4431 628 4496 factitandae
651 4454 728 4497 sane
751 4432 844 4498 nobis
865 4433 1023 4518 praeberi,
1048 4434 1104 4500 sed
1126 4455 1191 4519 quo
1213 4431 1396 4500 cautissime

172 4534 332 4606 utendum
366 4545 425 4599 est.
469 4557 570 4627 pergo
608 4544 716 4603 autem
754 4535 787 4604 in
822 4536 979 4606 eiusmodi
1018 4535 1273 4622 diversitatibus,
1312 4557 1395 4628 quae
