3120 5138
624 283 825 382 ..51.

156 485 267 552 Paerad.
289 486 357 550 404
378 485 423 550 P:
839 489 965 576 Viginti
988 491 1131 566 minae,

201 587 293 672 Quae
315 611 477 674 nusquam
499 614 584 656 nunc
608 602 684 656 sunt
708 592 864 677 gentium,
889 592 1052 656 inveniam
1075 603 1182 657 tamen

111 689 239 776 ,viginti
265 692 382 756 minas‘
415 693 460 770 A,
495 693 582 781 quod
612 693 655 759 ab
690 694 838 760 omnibus
868 695 1044 760 editoribus
1073 705 1241 780 receptum
1271 705 1335 769 est;

113 791 172 856 sed
195 793 234 856 cf.
261 791 346 858 Care.
370 793 433 858 296

199 912 284 978 'lum
305 913 360 977 isti
383 915 439 998 qui
462 915 578 981 ludunt
601 916 737 981 datatim
760 918 846 983 servi
868 939 1053 983 scurrarum
1075 916 1109 981 in
1130 917 1184 982 via

199 1015 243 1081 Et
265 1016 393 1082 datores
416 1028 448 1082 et
471 1019 608 1083 factores
633 1021 736 1085 omnis
760 1019 898 1085 subdam
920 1018 981 1084 sub
1003 1019 1116 1084 solum.

112 1136 223 1201 Huius
245 1137 307 1202 loci
330 1138 444 1202 similis
467 1150 516 1203 est
543 1140 628 1203 Teuc.
654 1140 716 1205 184

199 1240 247 1304 P:
270 1239 335 1306 Sed
364 1241 461 1320 istos,
493 1241 550 1325 qui
580 1264 653 1306 cum
679 1242 784 1329 geniis
811 1241 876 1306 suis
913 1239 1110 1326 belligerant,
1133 1240 1336 1325 parcepromi

114 1324 355 1428 ‚parcepromis‘
392 1344 436 1408 A.
473 1344 654 1411 Schoellins
689 1346 837 1410 adnotat:
872 1343 967 1421 ,unde
994 1354 1097 1430 patet,
1132 1346 1239 1428 ipsum
1267 1345 1336 1410 cod.

111 1447 147 1511 A
163 1444 329 1512 librarium
343 1462 473 1532 praeter
488 1448 711 1512 necessitatem
728 1451 799 1512 istos
814 1447 993 1533 pronomini
1005 1448 1141 1511 formam
1158 1469 1334 1512 accommo-

112 1548 229 1614 dasse‘
278 1551 335 1615 sed
364 1565 437 1635 post
465 1572 512 1633 ea,
536 1572 620 1634 quae
652 1552 684 1614 in
718 1549 923 1615 adnotatione
951 1549 993 1613 ad
1027 1549 1119 1613 Stich.
1143 1549 1207 1614 624
1235 1572 1266 1635 p.
1289 1551 1331 1614 41

112 1652 360 1736 disputavimus,
383 1652 591 1718 Ambrosiani
608 1653 770 1738 scriptura
792 1653 838 1717 sic
854 1653 960 1740 potius
978 1653 1172 1739 explicanda
1196 1654 1334 1732 videtur,

112 1765 149 1819 ut
162 1754 312 1820 librarius
333 1778 391 1841 pro
400 1779 621 1843 paroepromoa
638 1757 724 1841 quod
746 1756 780 1820 in
798 1755 974 1840 archetypo
990 1777 1048 1819 suo
1064 1755 1206 1837 extabat,
1227 1754 1334 1819 verbis

113 1857 379 1923 antecedentibus
408 1859 584 1943 perductus
612 1861 819 1945 parcepromia
852 1859 1031 1942 scripserit,
1061 1879 1201 1922 errorem
1227 1869 1334 1923 autem

112 1959 375 2025 animadversum
394 1961 555 2046 extemplo
570 1962 745 2028 sustulerit.
784 1961 976 2046 scripturam
1002 1961 1104 2047 igitur
1126 1983 1336 2047 pareepromoo
1428 2019 1430 2024 .

113 2063 156 2126 ad
178 2063 397 2128 recensionem
421 2063 525 2129 redire
548 2073 674 2128 tanturn
697 2085 761 2127 non
785 2072 907 2129 certum
931 2072 987 2128 est.

204 2182 290 2250 Tarte.
312 2183 376 2248 263

158 2285 199 2350 P:
222 2285 389 2371 Inpudens
412 2309 470 2372 per
493 2286 664 2352 ridiculum
689 2297 722 2351 ut
745 2287 864 2353 rustico
887 2286 1001 2352 suadet
1025 2296 1183 2371 stuprum,

114 2387 203 2471 quod
225 2388 407 2454 Schoellius
430 2388 511 2453 bene
535 2390 676 2458 correxit
697 2390 732 2453 in
755 2400 801 2466 ,ut
823 2412 882 2475 per
903 2389 1097 2455 ridiculum‘.

158 2490 206 2554 A:
228 2490 397 2576 Inpudens
420 2513 503 2575 quae
528 2514 586 2577 per
608 2492 781 2557 ridiculum
803 2493 924 2557 rustico
946 2493 1064 2557 suades
1086 2501 1233 2578 stuprum

115 2592 283 2658 Palatinos
306 2593 331 2657 si
355 2595 529 2678 sequimur,
553 2594 720 2661 Stratulax
743 2596 943 2680 Astaphium
975 2617 1039 2659 non
1062 2594 1251 2680 alloquitur,
1280 2593 1338 2658 sed

116 2695 285 2760 iracundia
314 2697 473 2761 excitatus
503 2696 544 2761 ab
572 2719 611 2761 ea
640 2720 772 2762 aversus
800 2697 881 2762 haec
910 2697 1010 2761 verba
1038 2696 1215 2773 exclamat3
1251 2698 1336 2760 inA

116 2798 349 2883 grammaticus
372 2799 456 2863 hanc
484 2799 657 2863 dictionem
680 2821 696 2863 e
725 2798 930 2886 popularium
959 2820 1105 2862 sermone
1134 2797 1337 2884 desumptam

116 2900 252 2965 removit
274 2902 450 2966 secundam
473 2900 562 2965 verbi
584 2923 757 2986 personam
778 2901 992 2977 substituens3
1015 2899 1101 2964 idem
1124 2923 1201 2986 quae
1222 2922 1282 2985 pro
1304 2913 1338 2964 at
1433 2973 1436 2978 ,

116 3002 246 3095 scripsit
262 3004 375 3068 eadem
391 3003 526 3067 fortasse
541 3003 793 3086 ratiocinatione,
820 3014 853 3067 ut
869 3003 967 3068 verbo
984 3001 1108 3080 abutar,
1127 3004 1255 3081 ductus,
1273 3025 1339 3088 qua

116 3108 228 3172 Pseud.
258 3105 319 3170 153
345 3127 406 3192 pro
434 3106 505 3184 ‚hoc
528 3106 602 3170 vide
625 3106 683 3184 sis,
712 3116 747 3171 ut
771 3106 850 3170 alias
877 3128 928 3170 res
957 3109 1070 3190 agunt‘
1100 3105 1236 3170 coniecit
1267 3105 1338 3183 ,hoc

115 3210 240 3274 videas:
264 3210 344 3274 alias
366 3232 418 3275 res
441 3217 565 3296 agunt‘.

208 3328 292 3394 Troe.
316 3328 380 3393 374

159 3424 208 3512 A:
231 3446 311 3512 Plus
334 3447 496 3534 pollicere,
519 3469 618 3532 quarn
640 3446 698 3512 abs
721 3456 753 3511 te
776 3468 874 3534 posco
897 3445 983 3536 au[t]
1007 3449 1135 3536 postulo

159 3549 202 3615 P:
223 3550 303 3615 Plus
326 3550 489 3636 pollicere,
513 3572 612 3634 quam
635 3571 695 3635 ego
718 3572 739 3614 a
762 3559 793 3613 te
816 3550 945 3637 postulo

116 3670 331 3757 Niemeyerus
370 3694 402 3757 p.
427 3671 482 3735 12:
516 3671 655 3749 ,videtur
675 3693 767 3758 posco
800 3682 852 3733 aar
879 3680 953 3734 ante
978 3671 1098 3757 postulo
1127 3670 1285 3735 excidisse
1308 3681 1340 3734 et

117 3773 234 3838 deinde
262 3774 494 3860 grammaticus
524 3796 577 3859 epo
603 3774 699 3838 metri
726 3773 831 3859 gratia
858 3771 1053 3837 inseruisse‘.
1102 3795 1199 3857 quem
1228 3771 1339 3850 ,verba

116 3875 243 3941 fecisae‘
267 3875 307 3939 de
323 3874 384 3940 hoc
406 3897 504 3940 versu
519 3874 700 3941 Schoellius
717 3875 749 3940 in
767 3898 880 3944 comm.
904 3875 946 3940 ad
964 3901 994 3940 v.
1017 3885 1104 3940 recte
1121 3875 1252 3941 iudicat.
1271 3874 1339 3938 dili-

116 3987 232 4064 genter
254 3987 364 4042 autem
386 3978 493 4042 locum
515 3977 665 4042 tractavit
686 3977 854 4043 Abraham
875 3979 907 4043 in
930 4002 999 4043 aaa.
1017 3979 1096 4065 phil.
1126 3978 1231 4066 suppl.
1248 3976 1338 4045 XIV

117 4103 149 4168 p.
174 4081 236 4146 186
258 4103 339 4165 sqq,
368 4081 424 4165 qui
451 4081 483 4144 in
506 4081 658 4145 Palatina
687 4080 871 4146 recensione
894 4102 1023 4145 versum
1057 4102 1131 4146 eum
1154 4081 1336 4166 corruptela

118 4191 293 4259 servatum,
310 4191 422 4246 contra
435 4181 641 4247 Ambrosiani
658 4204 795 4261 versum,
814 4183 873 4247 etsi
887 4183 1083 4268 integritatis
1100 4183 1240 4270 speciem
1259 4205 1338 4272 prae

117 4305 152 4348 se
178 4284 277 4362 ferat,
312 4284 353 4350 ob
388 4283 549 4369 duplicem
583 4283 790 4350 offensionem
824 4284 1023 4351 reiciendum
1060 4306 1129 4349 esse
1163 4296 1250 4350 recte
1286 4286 1338 4349 de·

117 4386 324 4465 monstravit3
354 4409 457 4471 neque
491 4387 575 4451 enim
599 4409 718 4473 poscere
745 4387 784 4449 ab
807 4387 908 4472 aliquo
930 4385 1117 4450 Plautinum
1140 4399 1198 4464 est,
1233 4408 1338 4470 neque

118 4510 256 4576 usquam
274 4511 394 4578 poscere
416 4500 448 4554 et
469 4491 625 4577 postulare
647 4491 734 4575 apud
757 4489 912 4554 Plautum
935 4489 1106 4554 coniuncta
1121 4489 1337 4556 inveniuntur.

1155 4611 1187 4667 4*
