3120 5138
746 263 806 329 136

677 355 878 364 -----

167 467 351 554 suspicatus
379 468 448 532 sim.
502 488 633 532 versum
661 467 884 533 Palatinorum
915 491 955 534 ex
986 479 1078 553 parte
1106 478 1221 536 natum
1249 492 1320 536 esse
1346 492 1380 536 ex

168 593 280 637 vorsus
304 571 452 636 srahel
477 569 566 657 ,quid
589 570 668 633 mihi
684 584 780 655 opust
801 571 936 636 decurso
959 572 1072 635 aetatis
1088 573 1194 658 spatio
1218 595 1297 638 oum
1311 574 1382 638 meis

167 673 289 747 Gerere
312 673 442 738 bellum‘
471 673 707 751 recordatione,
737 673 865 760 qualem
899 674 1045 738 histrioni
1073 697 1137 740 non
1166 676 1278 741 miuus
1308 687 1384 742 certe

166 798 265 864 quam
280 776 491 861 grammatico
513 775 654 840 tribuere
670 799 850 861 possumus,
864 776 896 841 N
899 780 1061 862 iemeyero
1083 776 1222 844 libenter
1237 778 1384 844 concedo.

167 902 232 967 qua
249 880 283 943 in
297 901 403 944 rerum
421 879 619 956 condicione,
643 902 716 944 cum
733 879 820 943 nullo
836 880 932 944 modo
947 901 1085 959 versum,
1108 881 1238 967 qualem
1253 880 1385 947 Plautus

167 981 237 1068 ipae
260 982 404 1068 scripsit,
433 985 613 1066 reciperare
640 984 817 1069 possimus,
848 982 929 1046 nihil
958 994 1057 1047 restat
1086 984 1149 1048 nisi
1175 998 1213 1049 ut
1242 984 1387 1050 omnibus

166 1083 395 1150 mutationibus
424 1084 623 1148 abstinentes
657 1084 691 1148 in
721 1095 846 1150 textum
878 1108 973 1173 quem
1010 1098 1127 1151 vocant
1162 1110 1295 1152 versum
1324 1088 1386 1153 eius

165 1185 375 1263 recensionis,
408 1186 442 1271 in
471 1209 535 1272 qua
565 1187 694 1250 omnino
721 1187 818 1250 crisin
845 1186 1031 1251 fabularum
1059 1186 1287 1253 Plautinarum
1316 1211 1384 1254 con·

167 1287 307 1352 dendam
335 1310 403 1352 esse
433 1288 670 1366 intelleximus,
704 1289 888 1353 Palatinam
916 1289 1004 1364 dico,
1035 1287 1240 1372 recipiamus.
1292 1301 1386 1377 atque

167 1413 239 1456 cum
258 1390 290 1454 in
307 1391 439 1455 historia
456 1391 568 1455 critica
585 1392 697 1456 harum
715 1391 896 1457 fabularum
915 1414 953 1455 ea
970 1393 1011 1455 sit
1022 1391 1217 1478 gravissima
1229 1393 1386 1478 quaestio,

165 1505 238 1558 utra
260 1493 446 1558 recensione
469 1494 641 1581 scriptores
665 1493 805 1558 Romani
829 1494 948 1580 singuli
977 1494 1113 1581 singulis
1136 1494 1217 1558 locis
1239 1495 1291 1560 usi
1316 1495 1386 1572 sint,

168 1617 208 1659 ne
236 1595 403 1660 levissima
433 1596 564 1683 quidem
592 1597 746 1682 vestigia,
778 1596 895 1682 quibus
927 1596 1051 1682 aliquid
1087 1595 1243 1660 illustrari
1277 1597 1387 1684 possit,

169 1699 403 1764 contemnenda
440 1715 523 1766 sunt.
594 1699 745 1785 quocirca
784 1721 848 1762 non
890 1698 1101 1763 omittendum
1138 1719 1208 1762 esse
1249 1698 1414 1790 arbitror

168 1800 369 1879 Ciceronem,
392 1823 466 1866 curn
484 1804 521 1866 de
532 1825 593 1866 sen.
610 1802 651 1867 72
674 1802 783 1879 ,breve
800 1801 886 1866 vitae
903 1802 1073 1888 reliquum‘
1097 1800 1193 1884 dicat,
1212 1801 1240 1864 ei
1257 1803 1386 1866 omnino

165 1903 261 1968 huius
284 1903 347 1967 loci
367 1903 511 1968 Plautini
535 1904 689 1981 meminit,
717 1904 898 1991 respexisse
927 1927 1055 1969 versum
1077 1903 1312 1972 Palatinorum
1356 1915 1389 1969 ut

167 2006 253 2072 enim
282 2007 417 2071 eandem
447 2029 520 2071 cum
549 2007 588 2070 iis
619 2008 762 2071 servavit
788 2007 1031 2071 collocationem
1065 2004 1255 2083 verborum,
1289 2006 1339 2070 ita
1364 2006 1388 2069 si

166 2108 372 2173 Ambrosiani
403 2130 515 2173 versus
548 2108 734 2174 recordatus
762 2119 858 2189 esset,
890 2107 1024 2172 verbum
1045 2108 1196 2194 reliquum
1224 2130 1288 2171 non
1318 2101 1387 2173 sub

166 2209 297 2273 stautivi
319 2210 391 2275 loco
414 2210 624 2291 adhibuisset,
649 2210 706 2274 sed
728 2214 861 2296 spatium
883 2211 1070 2277 addidisset.

252 2311 326 2377 Non
351 2312 464 2398 magis,
490 2336 587 2399 quam
616 2313 666 2377 his
690 2313 835 2379 versibus
859 2314 1027 2401 quisquam
1057 2312 1149 2378 nobis
1179 2313 1390 2399 persuadebit

166 2414 442 2500 grammaticis
465 2415 574 2480 deberi
598 2417 657 2480 has
681 2417 897 2482 diversitates:

217 2517 296 2582 Tria.
322 2516 404 2581 1069

254 2619 301 2684 A:
329 2619 428 2698 Hem,
458 2621 529 2706 quis
553 2634 600 2684 est
629 2622 683 2708 qui
707 2621 900 2686 mentionem
934 2622 1046 2685 homo
1079 2618 1256 2684 hominis
1290 2618 1390 2683 fecit

1130 2721 1278 2808 optumi?

248 2823 292 2890 P:
320 2824 416 2902 Hem,
451 2826 523 2911 quis
546 2837 593 2889 est
623 2826 677 2912 qui
705 2826 899 2890 mentionem
932 2826 1035 2891 facit
1069 2827 1181 2890 homo
1217 2824 1389 2902 hominis

1135 2928 1284 3015 optumi?

168 3027 223 3093 ubi
265 3028 482 3112 discrepantia
522 3039 703 3114 temporum
735 3031 905 3095 coniuncta
942 3053 1014 3095 cum
1053 3031 1181 3095 diversa
1217 3031 1389 3097 verborum

168 3130 379 3194 collocatione
402 3131 584 3215 corrigendi
610 3133 778 3197 consilium
794 3146 949 3219 arguunt3
973 3133 1077 3198 utrius
1101 3156 1177 3198 vero
1190 3133 1387 3199 recensionis

168 3232 355 3296 memoriam
378 3235 559 3318 praeferam
583 3234 700 3300 dubius
724 3237 856 3312 haere03
885 3237 925 3301 cf.
952 3235 1036 3301 Cure.
1061 3236 1124 3301 229
1148 3235 1239 3321 ,Quis
1264 3237 1317 3301 hic
1341 3249 1387 3302 est

169 3335 225 3422 qui
247 3335 413 3422 loquitur?
439 3337 447 3421 ll
476 3337 604 3424 quoiam
628 3361 740 3404 vocem
763 3362 823 3424 ego
847 3338 978 3404 audio?‘
1006 3337 1070 3404 304
1092 3338 1199 3415 ,beus,
1223 3337 1385 3414 Curculio,

167 3448 199 3502 te
223 3437 305 3503 volo.
328 3439 337 3524 ll
360 3435 442 3521 Quis
465 3449 569 3519 vocat,
595 3441 666 3527 quis
689 3442 834 3506 nominat
855 3440 949 3505 mel‘.
974 3440 1048 3505 vide
1071 3441 1168 3505 etiam
1192 3441 1291 3527 epid.
1315 3440 1387 3507 201.

167 3540 256 3606 Most.
291 3539 361 3605 784.
398 3538 484 3627 Copt.
518 3541 590 3608 834.
625 3554 737 3606 contra
771 3544 839 3610 Mil.
872 3545 947 3629 plor.
985 3542 1064 3606 1012
1099 3565 1207 3630 ,quem
1240 3565 1303 3628 ego
1338 3541 1388 3607 hic

167 3641 310 3706 audivit‘
348 3641 439 3711 Sciet.
463 3643 527 3708 372
554 3643 701 3720 ,Interibi
729 3645 947 3732 Epignomum
976 3646 1139 3731 conspicio
1164 3695 1171 3709 .
1196 3697 1203 3711 .
1228 3693 1237 3710 .
1259 3645 1269 3731 l
1293 3644 1386 3728 Hem,

170 3743 271 3831 quid?
294 3743 512 3830 Epignomum
536 3745 724 3811 elocutu's‘?‘

212 3845 303 3912 Stat.
326 3845 390 3909 640

251 3947 300 4012 A:
324 3946 441 4035 Neque
464 3969 525 4035 ego
547 3949 608 4014 hoc
631 3949 839 4028 committam,
863 3963 897 4015 ut
920 3973 1063 4016 measse
1087 3972 1197 4015 omnes
1222 3963 1386 4019 mortuum

980 4054 1089 4118 dicant
1112 4053 1196 4118 fame

252 4151 295 4214 P:
317 4149 433 4238 Neque
468 4174 529 4237 ego
558 4153 618 4217 hoc
647 4155 860 4238 committam,
897 4167 930 4219 ut
963 4158 1108 4221 homines
1141 4169 1303 4222 mortuum
1338 4182 1387 4224 me

979 4259 1088 4324 dicant
1109 4260 1205 4329 lame.

170 4350 209 4414 de
237 4350 475 4430 Palatinorum,
506 4353 560 4439 qui
590 4377 718 4419 versum
742 4356 906 4422 turbatum
929 4360 1100 4439 exhibent,
1123 4364 1267 4450 genuina
1289 4364 1386 4452 scrip·

167 4465 238 4516 tura
260 4451 391 4517 difficile
414 4463 464 4517 est
485 4454 642 4540 iudicare,
666 4480 764 4545 quam
786 4462 846 4525 etsi
867 4461 1020 4529 facillime
1042 4464 1089 4532 sio
1105 4469 1275 4534 restituere
1299 4467 1384 4536 vide·
