3120 5138
682 311 882 411 Q

253 514 368 577 Baccla
392 513 508 597 519¹);
542 515 582 582 of.
617 515 858 583 Studemundus
897 517 967 581 Uel.
1001 519 1074 580 :mei
1093 518 1335 583 Parallel-Kom.
1356 522 1387 588 d.

166 616 317 702 Diphilus
339 639 370 702 p.
393 617 444 684 53.

253 720 303 785 A:
326 719 433 805 Quam
456 721 482 786 si
499 721 542 786 ad
564 722 770 809 sepulchrum
788 732 912 788 mortno
930 733 1038 786 narret
1055 721 1128 807 (rice
1144 723 1272 808 narras)
1294 723 1387 810 logos

254 821 297 887 P:
321 822 426 907 Quam
449 824 475 888 si
499 824 540 890 ad
563 827 746 911 sepulcrum
770 835 896 890 mortuo
919 824 1007 889 dicat
1027 824 1142 902 iocum,

166 924 225 992 ubi
247 925 277 990 P
299 926 394 1011 longe
412 928 532 993 cedunt
553 928 777 996 Ambrosiano.

210 1030 279 1096 Mil.
298 1031 375 1115 plor.
398 1029 462 1094 266

254 1129 297 1195 A:
321 1130 357 1196 si
372 1129 511 1209 invenio,
534 1131 590 1216 qui
611 1132 729 1211 dixit,
752 1133 794 1197 ad
813 1155 887 1200 snm
909 1133 1054 1198 vineam
1077 1132 1268 1219 pluteosque
1291 1152 1388 1218 agam

255 1232 299 1298 P:
322 1232 357 1298 Si
380 1235 522 1312 invenio,
547 1235 602 1321 qui
624 1235 742 1313 vidit,
765 1236 807 1301 ad
828 1257 902 1300 eum
920 1235 1047 1299 vineas
1066 1235 1256 1322 pluteosque
1278 1254 1384 1320 agam.

166 1344 341 1421 utrumque
363 1335 499 1402 verbum
521 1359 623 1425 aeque
651 1339 732 1402 bene
755 1338 873 1403 babere
896 1336 1052 1402 concedet
1081 1337 1136 1425 qui
1159 1337 1383 1402 antecedentes

168 1460 280 1502 versus
312 1441 558 1523 comparaverit.
610 1441 652 1505 ad
691 1440 824 1504 alteram
864 1440 1115 1526 discrepantiam
1149 1441 1236 1524 quod
1259 1440 1383 1518 attinet,

166 1561 282 1604 vereor
303 1563 344 1605 ne
367 1542 582 1627 corruptelam
599 1542 810 1608 Ambrosiani
832 1566 890 1629 pro
912 1543 1053 1629 genuina
1069 1543 1229 1628 scriptura
1251 1542 1389 1607 editores

172 1643 358 1722 habuerint3
386 1668 460 1710 nam
485 1668 568 1731 quae
590 1648 672 1710 ratio
695 1645 797 1711 subsit
827 1646 951 1711 numeri
981 1646 1150 1711 mutationi
1173 1667 1234 1732 ego
1258 1644 1388 1732 quidem

167 1768 232 1810 non
255 1746 424 1833 intelleg03
448 1748 561 1813 similis
584 1760 633 1814 est
656 1749 871 1834 discrepantia
896 1749 988 1814 Stieis.
1011 1748 1074 1815 340

253 1849 301 1913 A:
322 1850 387 1914 340
407 1850 455 1914 At
476 1873 537 1937 ego
560 1852 649 1938 perii,
675 1851 727 1916 cui
744 1851 938 1917 medullas
960 1850 1117 1918 lassitudo
1139 1847 1290 1935 perbibit.

320 1951 382 2016 341
402 1951 416 2041 ΙΙ
432 1951 519 2037 Quid
549 1976 609 2040 ego
639 1953 755 2018 misero
783 1952 835 2017 cui
864 1951 1059 2017 medullas
1089 1952 1210 2016 ventris
1243 1948 1388 2038 percepit

1140 2053 1266 2119 fames?

254 2157 296 2220 P:
405 2158 449 2220 At
475 2179 536 2243 ego
557 2158 648 2245 perii,
672 2157 748 2242 quoi
770 2156 979 2223 medullam
1002 2155 1159 2221 lassitudo
1181 2154 1330 2241 perbibit.

404 2259 419 2349 ll
435 2259 522 2345 Quid
551 2282 612 2348 ego
634 2261 686 2326 cui
717 2261 834 2325 misero
857 2258 1072 2325 medullam
1094 2258 1215 2322 ventris
1243 2257 1389 2344 percepit

1138 2361 1264 2429 famas?

165 2461 223 2529 ubi
246 2485 319 2527 cum
341 2465 475 2528 medulla
497 2465 628 2549 proprio
650 2486 746 2529 sensu
763 2461 965 2539 adhibeatur,
988 2462 1162 2549 singularis
1183 2461 1386 2550 recipiendus

164 2576 226 2628 est.
269 2564 301 2629 in
324 2565 358 2629 A
380 2565 479 2652 igitur
503 2574 716 2631 correctorem
740 2565 1020 2652 deprehendimus.
1042 2613 1044 2618 -

209 2668 306 2753 Epis.
329 2667 393 2734 624

253 2770 300 2834 A:
324 2769 384 2835 Est
412 2769 603 2848 consimilis,
632 2770 725 2856 quasi
755 2792 853 2853 quom
880 2770 1008 2857 signum
1043 2770 1165 2856 pictum
1192 2769 1303 2855 pulcre
1333 2770 1387 2834 ad·

1126 2871 1288 2959 spexeris.

165 2974 209 3041 P:
233 2977 351 3040 videris.

215 3078 296 3143 Tria.
320 3078 383 3143 335

251 3181 298 3245 A:
323 3179 449 3266 Edepol
471 3180 634 3245 hominem
662 3181 988 3266 praemandatum
1015 3180 1104 3246 firme
1129 3191 1161 3245 et
1184 3180 1388 3245 familiariter

252 3282 293 3347 P:
316 3282 442 3370 Edepol
466 3283 627 3347 hominem
651 3282 927 3370 praedicatum
949 3283 1039 3346 firme
1062 3292 1094 3348 et
1116 3282 1327 3348 familiariter.

161 3388 421 3472 praemandatum
436 3408 498 3450 non
517 3385 689 3449 abhorrere
704 3384 886 3451 aPlautina
906 3383 1136 3449 consuetudine
1154 3383 1388 3448 demonstravit

165 3488 343 3574 Langcnus
365 3512 397 3574 p.
421 3489 494 3566 307,
524 3487 578 3571 qui
602 3486 689 3551 idem
717 3488 756 3552 de
779 3488 878 3553 verbo
895 3489 1077 3574 praedicare
1103 3486 1214 3571 plene,
1244 3485 1387 3553 sednon

167 3613 299 3676 prorsus
321 3601 408 3656 recte
425 3613 525 3677 agens
541 3589 763 3655 Palatinarum
786 3591 977 3676 scripturam
990 3591 1202 3677 praedicatam
1224 3613 1286 3654 non
1305 3589 1388 3654 bene

167 3694 397 3780 interpretatus
425 3702 493 3771 est,
523 3716 595 3758 cum
626 3693 727 3758 dicat:
761 3692 1026 3779 ,Unplantinisch
1055 3690 1203 3776 dagegen
1230 3692 1272 3755 ist
1297 3714 1388 3777 prae-

165 3796 275 3861 dicare
296 3797 331 3860 in
353 3794 410 3861 der
432 3796 624 3861 transitiven
646 3795 841 3883 Bedeutung
865 3817 927 3860 von
950 3794 1085 3860 laudare
1113 3796 1194 3858 Tria.
1218 3794 1281 3860 335
1303 3793 1388 3857 nach

165 3899 226 3963 der
259 3898 494 3985 palatinischen
522 3899 725 3966 Recenaion.‘
775 3910 808 3964 at
834 3899 966 3963 minime
995 3919 1033 3961 ea
1062 3896 1255 3983 significatio
1288 3894 1387 3962 verbo

166 4000 378 4090 praedicandi
399 4002 460 4067 hoo
483 4002 554 4067 loeo
576 4000 777 4067 obtrudenda
794 4013 851 4078 est,
875 4023 949 4066 cum
972 4000 1034 4064 alia
1060 4022 1161 4087 eaque
1177 3999 1295 4063 usitata
1318 4020 1386 4062 sen·

164 4103 283 4168 tentiae
312 4102 407 4190 plane
430 4103 616 4169 satisfaciat.
660 4114 711 4167 sat
737 4123 834 4188 saepe
857 4103 942 4168 enim
967 4105 1156 4190 praedicare,
1186 4101 1270 4166 siin
1293 4109 1380 4164 ante-

255 4359 277 4430 ¹)
293 4347 320 4429 p]
338 4338 373 4414 68
391 4376 431 4427 sq.
456 4374 530 4413 nunc
558 4358 640 4413 video
663 4359 759 4414 nescio
786 4376 840 4427 quo
868 4375 934 4412 casu
956 4358 1055 4412 relicta
1079 4375 1139 4412 esse
1169 4374 1239 4426 quae
1263 4355 1332 4411 olim
1353 4356 1388 4411 de

166 4442 309 4513 scriptura
327 4443 516 4498 Ambrosiana
533 4442 721 4497 Ritschelium
749 4450 861 4523 ¹secutus
879 4460 1004 4514 egeram,
1029 4446 1176 4510 antequam
1199 4441 1388 4498 Studemundi

165 4528 319 4585 lectionem
337 4528 465 4602 cognovi.
499 4527 577 4583 illins
595 4528 684 4602 igitur
700 4528 756 4583 loci
774 4528 995 4599 disputationem
1012 4527 1096 4584 eiciat
1112 4527 1209 4585 lector.
