3120 5138
750 321 811 391 145

252 528 297 594 P:
320 529 499 594 evocadnm
522 528 662 616 aliquem
685 532 782 595 foras.

163 630 421 696 Ambrosianum
450 630 649 715 sequendum
679 653 749 696 esse
778 632 982 697 manifestum
1014 641 1071 696 est.
1118 630 1204 696 idem
1236 632 1321 698 valet
1349 632 1390 696 de

164 735 279 798 Pseud.
303 733 364 800 321

254 837 303 900 A:
326 856 384 900 sex
407 835 476 899 dies
499 835 624 923 aliquos
647 838 743 901 modo

252 937 296 1001 P:
320 959 378 1002 sex
402 935 471 1000 dies
494 937 609 1002 saltem
631 937 736 1006 modo.

211 1057 306 1122 stica.
330 1056 403 1124 375.
425 1057 490 1123 376

252 1158 300 1221 A:
324 1156 527 1243 Argentique
539 1157 673 1241 aurique
685 1156 821 1222 advexit
836 1157 1009 1223 nimium.
1024 1158 1033 1244 ΙΙ
1049 1159 1144 1223 nimis
1159 1160 1282 1225 factum
1295 1159 1386 1228 bene.

319 1260 328 1346 l
349 1259 476 1325 hunam
491 1282 734 1347 purpuramque
749 1260 892 1324 multam.
909 1261 918 1346 ll
934 1259 1061 1343 estqui
1078 1273 1222 1326 ventrem
1240 1263 1386 1330 vestiam.

159 1403 162 1408 -
252 1359 297 1428 P:
319 1361 524 1445 Argentique
539 1361 674 1445 aurique
691 1361 823 1427 advexit
837 1362 1013 1428 multum.
1028 1363 1037 1450 ll
1053 1363 1147 1428 nimis
1162 1365 1284 1431 factum
1298 1365 1388 1431 bene.

321 1463 483 1551 llIranam
517 1485 759 1552 purpuramque
794 1465 940 1531 multam.
975 1466 984 1551 ll
1018 1465 1120 1544 hem,
1154 1470 1210 1553 qui
1245 1481 1389 1533 ventrem

983 1583 1130 1632 vestram.

166 1668 201 1731 in
234 1666 340 1752 priore
368 1690 465 1734 versu
486 1670 614 1733 multum
636 1667 669 1732 in
697 1669 726 1733 P
754 1689 795 1732 ex
830 1669 995 1756 sequentis
1030 1691 1144 1735 versus
1177 1670 1388 1737 similitudine

167 1770 325 1856 originem
358 1770 460 1838 duxit.
504 1770 536 1837 iu
566 1771 666 1836 altero
695 1793 790 1839 versu
820 1793 917 1856 quam
943 1771 978 1835 A
1010 1771 1143 1856 praebet
1178 1773 1390 1839 elocutionem

167 1883 242 1945 ,est
264 1873 320 1956 qui
338 1873 483 1938 vestiam‘
500 1873 688 1952 modestam,
705 1896 724 1938 a
745 1873 880 1960 parasiti
896 1872 1051 1938 aviditate
1073 1884 1172 1958 atque
1187 1875 1388 1962 impudentia

166 1976 273 2040 aliena
295 1990 351 2041 est.
396 1997 493 2060 quam
516 1975 557 2040 ab
586 1976 740 2042 histrione
768 1998 830 2040 non
855 1999 874 2041 a
895 1977 1109 2063 grammatico
1130 1977 1295 2042 inventam
1318 2001 1387 2044 esse

167 2077 407 2143 affirmaverim.
1195 2065 1198 2071 ¹

254 2179 284 2243 Ε
306 2178 454 2243 scaenica
470 2200 534 2243 uon
551 2179 656 2245 minus
673 2203 771 2268 quam
789 2203 806 2247 e
823 2181 1035 2268 grammatica
1052 2185 1278 2249 retractatione
1295 2197 1389 2251 natae

167 2305 238 2347 esse
260 2292 395 2369 possunt
417 2281 478 2346 hae
505 2280 723 2350 diversitates:

211 2405 321 2469 Pseud.
329 2402 393 2468 414
403 2403 452 2466 A:
465 2424 551 2467 nunc
562 2401 627 2469 huc
639 2388 824 2482 concedam,
838 2403 937 2482 unde
952 2403 1067 2469 horum
1086 2426 1265 2471 sermonem
1283 2407 1390 2495 legam

403 2505 448 2569 P:
474 2527 558 2569 nuuc
582 2506 644 2571 huc
667 2506 852 2584 concedam,
874 2518 915 2572 ut
937 2506 1051 2571 horum
1073 2528 1252 2572 sermonem
1274 2510 1391 2597 legam.

168 2608 210 2673 cs.
233 2630 263 2693 p.
287 2606 329 2671 94
356 2619 386 2672 et
409 2607 505 2694 Epic.
531 2606 592 2674 103
622 2607 708 2685 ,Huc
737 2608 928 2685 concedam,
957 2609 1135 2674 orationem
1163 2611 1249 2676 unde
1276 2612 1392 2680 herum

168 2710 297 2799 placide
320 2718 517 2798 persequar‘.

211 2832 325 2896 Bacch.
347 2830 411 2897 529

254 2935 301 3000 A:
324 2934 378 3000 ibo
400 2946 441 2999 ut
463 2933 567 2999 visam
590 2933 653 2998 huc
675 2935 717 3000 ad
740 2956 825 3013 eum,
848 2935 875 3000 si
897 2936 1009 3001 fortest
1026 2935 1122 3000 domi.

167 3038 213 3107 P:
240 3037 304 3116 ,ibo
327 3049 364 3102 et
386 3038 514 3115 visam‘3
542 3038 582 3101 cf.
606 3038 719 3123 Amph.
745 3037 849 3102 1075·
879 3037 942 3115 ,ibn
960 3048 992 3102 et
1015 3058 1218 3123 cognoscam,
1242 2995 1388 3127 quisquis

167 3151 227 3205 est‘
250 3139 289 3218 P,
317 3142 365 3204 ibo
387 3153 420 3204 ut
450 3164 623 3227 copuoscam
646 3142 816 3206 Acidalius
842 3140 1054 3227 probantibus
1085 3141 1220 3206 Goetzio
1244 3140 1386 3208 Loewio-

168 3266 246 3333 que;
273 3245 355 3308 Mea.
377 3244 439 3309 557
467 3243 538 3321 ,Ibo
566 3255 598 3309 et
622 3244 811 3310 conveniam
839 3255 976 3309 servom‘
998 3242 1028 3307 P
1057 3243 1248 3309 Ritschelius
1270 3243 1389 3314 Vahle-

170 3370 247 3424 nus,
272 3348 321 3411 ido
345 3359 379 3410 at
404 3350 575 3412 conveniam
604 3346 769 3412 Abraham
803 3347 824 3413 l.
844 3368 872 3410 c.
899 3368 931 3431 p.
957 3345 1020 3411 208
1048 3346 1172 3410 collatis
1198 3345 1284 3433 Capt.
1315 3347 1388 3416 919.

169 3452 282 3517 Baccls.
304 3449 376 3516 348.

214 3574 308 3739 PoAni
325 3569 414 3757 dissid
437 3671 467 3736 ei
489 3670 591 3735 divini
614 3682 679 3756 atq.
702 3670 837 3737 humani
860 3678 1027 3757 aequomst
1050 3669 1203 3735 credere?

254 3774 296 3839 P:
320 3773 408 3859 Quid
430 3773 460 3838 ei
483 3773 585 3839 divini
608 3786 664 3838 aut
685 3772 819 3840 humani
840 3784 1008 3861 aequomst
1031 3771 1187 3837 credere?

211 3895 280 3958 Mil.
302 3893 379 3980 plor.
403 3892 491 3976 1133

322 3995 420 4061 Nunc
442 3995 483 4061 ad
507 4015 558 4059 me
580 3995 691 4058 veniat
712 4006 803 4060 usust
824 3993 1083 4059 Acroteleutium

255 4101 306 4165 A:
329 4098 497 4164 Ancillula
520 4099 589 4164 eius
612 4121 656 4162 ac
678 4097 867 4164 Pleusicles.

170 4205 232 4268 eius
254 4214 307 4266 cut
329 4203 490 4266 Pleusicles
512 4200 541 4265 P
564 4221 725 4288 perverse.

218 4323 304 4388 True.
327 4321 389 4388 267

254 4427 305 4492 A:
328 4425 389 4489 nisi
411 4424 481 4489 abis
504 4432 649 4488 actutum
673 4439 733 4486 aut
755 4420 836 4485 dicis
858 4441 955 4505 quem
977 4439 1114 4502 quaeras
1138 4416 1201 4482 cito

255 4527 298 4593 P:
321 4526 381 4591 nisi
405 4524 475 4589 abis
497 4532 642 4589 actutum
665 4546 708 4588 ac
731 4523 812 4588 dicis
834 4523 912 4609 quid
935 4543 1072 4607 quaeras
1095 4520 1168 4585 cito.
1218 4616 1224 4625 1

1211 4639 1243 4694 10
