3120 5138
261 529 385 584 mutare
409 518 608 600 studuerunt,
631 530 666 584 nt
685 519 891 606 Megaronidi
910 519 1069 604 assignari
1091 520 1204 607 possit3
1239 518 1328 585 velot
1345 519 1485 590 Bothius

263 632 295 687 et
321 620 520 687 Bitschelius
553 623 750 709 scripserunt
782 622 905 711 ,Ipsum
931 623 1031 687 adeas
1060 620 1292 705 Lesbonicum,
1333 621 1484 688 edoctum

144 787 146 791 ,
260 734 297 789 ut
312 746 364 790 res
379 746 414 790 se
429 723 547 792 babet‘
578 725 611 789 in
627 746 692 810 quo
708 747 819 790 omnes
833 725 953 791 frustra
968 725 1098 791 merant
1111 736 1240 811 praeter
1253 723 1483 809 Ribbeckium,

260 827 316 914 qui
331 838 456 912 partem
472 828 541 893 veri
555 826 754 914 perspiciens
778 828 917 894 coniecit
937 824 1059 915 ‚ipsum
1076 827 1191 893 adeas
1208 827 1426 894 Lesbonicum
1441 867 1484 879 -

261 927 387 994 cani..
419 929 572 999 edoceam
601 941 637 995 ut
663 952 715 995 res
743 953 778 995 se
807 928 926 996 babet?
964 930 1010 997 Ut
1037 952 1099 1016 ego
1128 939 1224 995 nunc‘
1254 951 1282 996 e.
1305 952 1335 1017 q.
1352 953 1393 1009 s.;
1426 931 1483 998 sed

259 1053 301 1126 ne
331 1034 360 1097 is
397 1032 526 1121 quidem
555 1044 623 1098 rom
644 1034 803 1120 -perfceit,
834 1032 921 1120 quod
952 1032 1108 1099 sincello
1143 1033 1377 1099 sententiarum
1412 1034 1476 1100 dis-

260 1135 395 1200 crimine
420 1134 569 1201 diversae
589 1134 876 1220 interrogationum
905 1135 1026 1201 formae
1044 1134 1186 1202 evadunt
1208 1137 1356 1212 edoceam,
1379 1149 1415 1201 ot
1432 1161 1486 1223 epo

261 1239 399 1301 induem.
444 1248 477 1302 at
505 1236 664 1325 quomodo
687 1236 758 1328 loco
786 1236 1016 1303 consulendum
1039 1239 1091 1317 sit,
1120 1261 1161 1304 ex
1184 1240 1312 1324 integra
1333 1238 1484 1306 codicum

260 1340 415 1405 memoria
447 1337 543 1405 facile
571 1338 783 1425 intellegitur:
811 1363 942 1406 versum
974 1341 1060 1406 enim
1089 1341 1161 1420 749,
1191 1340 1283 1406 utin
1317 1341 1484 1408 codicibus

262 1453 367 1525 extat,
396 1440 524 1508 Callicli
545 1441 746 1507 reddendum
770 1463 841 1507 esse
862 1465 993 1529 prorsus
1017 1454 1139 1509 certum
1161 1455 1220 1509 est.
1260 1443 1338 1532 qnid
1360 1445 1484 1530 igitur?

262 1565 369 1610 nonne
380 1555 515 1633 apparet
526 1545 610 1610 inter
617 1567 652 1610 v.
665 1544 727 1610 748
745 1555 776 1609 et
788 1545 849 1612 749
865 1544 1068 1611 intercidisse
1083 1568 1222 1628 versum,
1239 1568 1303 1633 quo
1314 1546 1484 1613 consilium

261 1645 343 1712 illud
373 1645 592 1732 Megaronidis
624 1645 847 1734 aperiebatur,
872 1649 1032 1736 cuiusque
1058 1649 1249 1714 sententiam
1276 1660 1373 1736 atque
1402 1651 1485 1716 adeo

262 1748 365 1815 verba
385 1750 491 1836 prima
518 1771 592 1814 cum
614 1772 645 1814 v.
665 1748 730 1816 749Ι
754 1751 847 1814 initio
868 1753 1070 1836 conspirasse
1091 1751 1160 1816 lere
1184 1752 1404 1818 necessarium
1431 1766 1482 1818 est

262 1843 415 1917 credere?
452 1862 594 1916 attamen
620 1851 763 1937 quaestio
778 1851 919 1917 nondum
943 1852 1091 1920 absoluta
1113 1865 1171 1919 est.
1210 1855 1327 1920 etenim
1350 1865 1387 1920 ut
1409 1878 1485 1923 oum

261 1954 295 2019 A
317 1954 402 2019 hanc
425 1953 488 2019 loci
510 1954 744 2020 restitutionem
767 1953 981 2040 accipiamus:

263 2072 324 2138 748
346 2072 421 2142 ΜΕ.
445 2072 538 2156 Vide,
565 2073 592 2137 si
613 2073 676 2138 hoc
697 2071 809 2138 utibile
832 2074 936 2159 magis
959 2085 1056 2158 atque
1078 2073 1112 2138 in
1134 2096 1202 2139 rem
1226 2074 1363 2161 deputas

331 2188 346 2218 ⁸
453 2177 472 2215 8
627 2176 646 2214 3
799 2176 817 2214 alt
970 2177 989 2215 ἥ
1142 2178 1160 2216 *
1312 2177 1331 2217 ⁸8

262 2175 326 2342 idll
348 2275 479 2345 OALI.
501 2276 616 2363 Ipsum
639 2276 755 2341 adeam
769 2274 998 2355 Lesbonicum,
1021 2276 1172 2342 edoceam
1196 2288 1305 2344 utres
1327 2277 1484 2361 sehabet,

262 2380 326 2445 750
347 2379 437 2470 [Sed]
460 2379 507 2446 Ut
527 2401 590 2466 ego
611 2400 698 2446 nunc
720 2378 918 2445 adulescenti
941 2401 967 2444 e.
991 2403 1023 2467 q.
1046 2402 1082 2463 s.,

261 2498 296 2566 id
322 2501 429 2587 ipsum
462 2498 667 2586 relinquitur,
703 2499 790 2585 quod
823 2512 934 2565 contra
965 2498 1182 2566 Ribbeckium
1217 2500 1374 2582 diximus,
1411 2522 1485 2566 cum

263 2602 472 2670 similitudine
518 2603 749 2670 sententiarum
802 2623 949 2690 pugnare
1000 2599 1145 2665 diversas
1195 2600 1484 2687 interrogationum

262 2709 395 2785 formas,
419 2728 559 2794 quarum
575 2705 659 2772 duae
682 2706 805 2794 priores
827 2727 885 2792 per
908 2704 1013 2769 solum
1035 2701 1284 2780 coniunctivum,
1308 2702 1404 2769 tertia
1428 2727 1484 2792 per

263 2809 523 2876 coniunctionem
552 2807 754 2895 exprimitur.
796 2808 904 2872 versui
927 2815 1035 2871 autem
1058 2804 1122 2870 750
1143 2826 1183 2869 ne
1204 2804 1341 2871 finalem
1355 2814 1482 2872 senten-

263 2913 342 2978 tiam
362 2911 552 2990 tribuamus,
575 2911 652 2976 eatis
675 2922 791 2977 cavent
819 2908 918 2976 verba
939 2920 972 2972 nt
998 2930 1052 2994 epo
1078 2906 1322 2994 interrogationi
1344 2916 1482 2976 tantum-

264 3014 359 3081 modo
386 3025 473 3102 apta.
532 3015 642 3099 itaque
676 3035 750 3078 cum
778 3017 877 3100 speum
911 3010 993 3076 illud
1027 3022 1112 3075 stare
1140 3022 1295 3095 nequeat,
1323 3008 1483 3077 Palatinis

264 3118 372 3206 potins
396 3116 532 3183 ducibus
564 3129 598 3181 nt
619 3116 787 3182 restituere
802 3114 1018 3180 necessarium
1037 3115 1104 3183 erit.
1135 3116 1245 3197 'atque
1261 3111 1308 3178 sic
1330 3111 1357 3177 si
1374 3115 1484 3180 statui·

264 3244 352 3299 mus,
381 3221 453 3285 luce
476 3218 595 3284 clarius
617 3231 664 3284 est
686 3220 784 3307 ipsum
807 3239 848 3282 ex
871 3216 1056 3283 recensione
1076 3226 1187 3281 natum
1203 3237 1289 3295 esse;
1311 3216 1367 3281 sed
1384 3225 1485 3283 restat

265 3323 367 3387 altera
387 3322 476 3387 illius
497 3321 733 3408 discrepantiae
754 3319 974 3409 interpretatio
996 3341 1061 3384 non
1083 3310 1188 3383 minna
1211 3315 1396 3404 probabilis,
1420 3342 1485 3405 qua

266 3436 399 3512 accepta
426 3447 490 3489 non
516 3424 592 3490 licet
618 3423 841 3490 Palatinarum
871 3421 1101 3510 praestantiam
1133 3421 1204 3486 hoc
1222 3419 1353 3505 quidem
1388 3444 1485 3489 vomu

265 3526 409 3594 laudare.
456 3548 595 3611 namque
619 3525 647 3591 si
669 3547 795 3592 mecum
824 3525 1005 3591 memineris
1025 3523 1180 3602 locorum,
1211 3545 1291 3608 quos
1306 3523 1354 3589 de
1370 3524 1483 3590 Pseud.

267 3653 298 3694 v.
323 3628 492 3696 138-140
514 3629 682 3716 disputans
704 3651 736 3714 p.
761 3628 802 3693 10
823 3627 888 3692 iam
911 3626 1013 3705 attuli,
1205 3630 1207 3635 ⁴

334 3751 445 3814 Pseud.
469 3749 532 3814 140
566 3747 617 3814 Αι
638 3746 713 3813 Hoc
735 3768 846 3812 eorum
867 3745 1053 3839 officiumst:
1075 3746 1210 3812 mavelis

571 3850 615 3917 P:
638 3849 713 3916 Hoc
736 3859 785 3916 est
806 3871 917 3915 eorum
938 3869 1030 3936 opus,
1052 3859 1093 3914 ut
1115 3848 1248 3916 mavelis

355 3971 447 4038 Stich.
463 3970 526 4037 299
562 3972 612 4037 A:
636 3962 691 4038 Sic
718 3969 780 4035 hoo
809 3967 936 4035 videtur
962 3965 1041 4034 mihi
1069 3968 1174 4055 magis
1209 3966 1397 4039 convenire:
1431 3968 1484 4033 ad-

880 4092 1011 4140 vorsum
1027 4070 1145 4136 -veniat

571 4191 615 4256 Ρι
638 4189 814 4257 advorsum
834 4199 877 4255 ut
899 4189 1008 4255 veniat

355 4311 448 4384 sset.
464 4287 528 4376 504
563 4311 615 4376 A:
636 4333 739 4378 unum
760 4309 822 4377 hoc
838 4319 957 4399 potest:
984 4308 1041 4375 ubi
1064 4308 1219 4374 convivae
1246 4307 1393 4388 abierint,
1417 4319 1486 4376 tum

877 4423 919 4477 ut
941 4412 1052 4478 venies

571 4514 615 4585 P:
639 4526 707 4582 tuus
730 4516 840 4582 venias
