3136 5146
763 336 805 404 75

216 545 638 735 Arijsiiidiuiriiluamquam
655 645 757 710 multa
775 630 924 733 malaque
940 646 973 710 in
986 669 1037 711 me
1052 647 1140 713 dicta
1155 648 1283 714 dixistis
1296 647 1397 714 mihi

238 751 283 815 P:
307 750 372 818 Sed
395 772 592 834 quamquam
614 748 716 812 multi
737 748 886 833 malaque
910 749 944 812 in
966 771 1017 813 me
1041 750 1127 814 dicta
1150 750 1277 816 dixistis
1307 750 1397 815 mihi.

169 853 320 920 Usenero
361 854 479 939 (annal.
511 852 586 938 ptil.
622 849 705 943 1865
738 872 767 934 p.
798 849 875 936 263)
913 851 1155 918 concedendum
1189 867 1251 932 est,
1287 857 1319 918 ia
1352 875 1399 919 me

170 965 285 1022 natum
321 979 391 1020 esse
426 978 467 1019 ex
489 951 750 1040 interpretatione
784 953 997 1038 grammatica
1035 955 1078 1021 ad
1112 958 1188 1021 miti
1221 957 1398 1043 adscripta,

170 1081 372 1144 quamquam
401 1059 463 1122 hoc
492 1057 598 1123 minus
624 1066 711 1120 recte
735 1054 831 1133 dixit,
862 1057 941 1120 midi
965 1058 1120 1123 sermonis
1149 1058 1296 1126 Plautini
1324 1082 1399 1125 oon-

169 1163 293 1227 stantia
314 1161 487 1247 postulari3
511 1183 606 1248 quem
621 1157 775 1223 refutavit
790 1157 1007 1244 Niemeyerus
1030 1161 1176 1227 versibus
1193 1163 1306 1250 Amph.
1325 1162 1397 1226 742.

168 1267 259 1330 Asia.
284 1264 354 1330 155.
377 1264 492 1328 Bacch.
515 1263 579 1327 463
602 1261 718 1326 citatis.
764 1271 801 1353 ut
829 1283 941 1329 versus
964 1264 1152 1352 archetypi,
1179 1265 1213 1330 in
1242 1289 1337 1352 quem
1356 1268 1399 1330 'itt

167 1391 219 1433 me
239 1367 426 1453 irrepserat,
455 1365 597 1432 numeris
621 1365 889 1452 adstringeretur,
918 1389 1020 1430 oerum
1041 1367 1075 1431 in
1102 1369 1155 1433 006
1177 1391 1196 1432 0
1218 1379 1397 1434 correctore

167 1481 330 1535 mutatum
355 1471 453 1557 est¹);
496 1492 569 1534 cum
600 1491 664 1552 qua
703 1467 878 1533 mutatione
900 1467 1116 1556 Niemeyerus
1154 1471 1262 1558 aptius
1300 1495 1398 1557 quam

174 1575 264 1639 Troe.
288 1573 349 1637 261
374 1574 421 1658 (A
444 1575 506 1650 sect,
528 1572 557 1636 P
580 1573 625 1658 at)
649 1593 840 1658 componere
863 1571 968 1657 potuit
989 1573 1102 1636 Bacch.
1126 1572 1398 1651 Mantiniam

171 1699 327 1742 versuum
350 1677 471 1764 duplex
495 1675 528 1739 in
552 1674 717 1739 codicibus
741 1683 832 1738 extat
853 1675 972 1751 forma,
1004 1697 1140 1760 quarum
1163 1675 1264 1741 altera
1285 1675 1398 1763 incipit

168 1803 191 1845 a
214 1778 348 1861 ‚Verum
372 1801 469 1866 quam
488 1778 555 1841 1110ί
578 1776 691 1854 ,altera
713 1775 825 1860 a,Sed
849 1786 955 1841 autern
979 1799 1077 1864 quam
1099 1778 1175 1844 iila‘.
1220 1778 1335 1843 similis
1351 1787 1398 1844 est

167 1904 280 1948 rerum
297 1879 443 1945 condicio
461 1882 552 1945 Mero.
569 1879 643 1957 267,
667 1879 723 1945 ubi
735 1881 805 1945 ioco
823 1879 961 1945 duorum
984 1903 1123 1958 versum,
1147 1882 1203 1969 qui
1221 1882 1255 1946 in
1271 1883 1300 1946 A
1324 1893 1398 1948 sunt

257 1983 404 2052 Verum
427 1983 562 2047 hercle
586 1983 678 2048 simia
701 1983 758 2047 iiia
781 1993 877 2067 atque
900 1983 1024 2048 haedus
1047 1984 1142 2072 m[ihi
1165 1984 1361 2075 malum(?)]

258 2088 451 2174 Adportant.
473 2096 571 2175 atque
595 2109 648 2152 eos
670 2109 739 2151 esse
763 2108 843 2170 quos
867 2086 993 2151 deioam
1017 2087 1150 2154 hauscio

169 2213 273 2258 unum
296 2189 451 2277 praebent
473 2188 507 2253 in
530 2189 572 2253 P:

258 2292 334 2359 Sed
357 2292 450 2357 simia
472 2292 528 2357 ilia
551 2302 649 2376 atque
671 2291 794 2356 haedus
818 2293 916 2358 timeo
940 2292 1017 2380 quid
1041 2292 1150 2357 velint.

170 2418 261 2461 mero
300 2417 406 2460 errore
440 2397 524 2460 inter
562 2418 595 2460 se
629 2395 755 2460 confusi
787 2407 862 2461 sunt
896 2396 977 2463 Meo.
1000 2396 1035 2473 8,
1069 2396 1126 2461 ubi
1149 2419 1251 2460 oerum
1274 2395 1313 2473 P,
1345 2399 1398 2461 aad

169 2497 296 2564 Paulus
318 2521 349 2584 p.
372 2498 413 2562 28
436 2496 600 2575 exhibent,
623 2508 654 2562 et
670 2498 763 2561 Marc.
781 2497 855 2577 765,
880 2520 944 2583 quo
958 2520 1054 2564 versu
1064 2497 1099 2562 in
1114 2496 1284 2566 Avidetur
1299 2498 1399 2566 101000

280 2599 356 2665 Non
378 2623 442 2665 uon
464 2609 495 2665 te
518 2600 623 2667 odisse
646 2601 753 2667 aiebat
774 2602 842 2667 sed
863 2624 1028 2667 uxorem
1052 2624 1143 2668 snam

214 2703 257 2767 P:
281 2701 358 2768 Non
380 2726 444 2768 non
467 2713 498 2767 te
521 2704 626 2768 odisse
649 2703 758 2768 aiebat
780 2725 940 2769 uxorem
963 2726 1095 2770 verum
1117 2727 1209 2770 suam

169 2805 228 2872 ubi
251 2828 293 2871 ex
315 2828 468 2893 perverso
485 2805 657 2873 verborum
682 2806 794 2871 ordine
811 2830 912 2872 ouum
926 2808 1034 2873 versui
1049 2808 1125 2873 oliru
1141 2808 1396 2896 superscriptum

170 2910 270 2974 inisse
304 2908 450 2994 colligas.
496 2909 536 2973 60
570 2909 844 2998 interpretationis
877 2910 911 2974 in
938 2911 968 2976 P
1001 2914 1107 2977 factae
1140 2912 1275 2977 oonsilio
1309 2912 1400 2978 iuvat

171 3013 302 3090 addere,
328 3011 415 3099 quod
437 3011 602 3078 Usenerus
621 3012 640 3078 l.
665 3033 691 3079 c.
716 3012 907 3099 disputavit:
939 3013 1013 3091 ‚Die
1038 3020 1188 3102 spiitereu
1203 3013 1398 3082 116100060-

172 3118 303 3183 durften
326 3117 397 3181 hier
420 3117 509 3181 einer
530 3115 734 3204 Erki'arung3
764 3116 821 3180 das
851 3115 937 3202 zeigt
965 3141 992 3182 z.
1015 3115 1055 3181 B.
1083 3115 1157 3186 Per.
1178 3119 1242 3185 Aa.
1264 3116 1334 3196 12,
1359 3119 1399 3182 16

171 3222 228 3307 (96
247 3219 317 3307 U.):
338 3219 437 3300 „haec
456 3242 553 3305 quom
570 3219 627 3297 illi,
643 3219 752 3297 Micio,
769 3219 851 3302 dico,
868 3218 928 3284 tibi
939 3218 1030 3284 6100ιί
1050 3220 1108 3284 mit
1120 3221 1177 3285 der
1188 3220 1400 3308 Bemerkung

170 3345 234 3387 von
251 3322 416 3387 Donatus:
441 3323 510 3400 „illi
531 3343 590 3408 pro
612 3325 644 3386 iu
662 3324 750 3387 illum
772 3333 804 3387 et
826 3323 883 3386 tibi
899 3345 958 3409 pro
980 3325 1013 3385 in
1035 3332 1093 3388 te.“
1129 3324 1295 3389 verissime
1318 3324 1399 3389 haec

170 3425 241 3509 ille3
276 3425 334 3490 sed
367 3425 429 3491 hoc
458 3425 601 3490 nondum
628 3427 706 3490 satis
730 3426 894 3512 cognitum
920 3436 983 3503 est,
1013 3427 1111 3492 etiam
1142 3427 1213 3491 aliis
1236 3427 1315 3493 locis
1338 3427 1399 3493 hoo

170 3528 444 3617 interpretationis
479 3551 582 3614 genus
613 3528 766 3614 conspici.
816 3551 955 3617 namque
988 3550 1061 3595 cum
1089 3528 1123 3594 in
1153 3530 1246 3596 sciat.
1274 3553 1305 3594 v.
1338 3531 1400 3597 140

171 3632 373 3698 recensiones
396 3632 441 3697 ita
465 3632 664 3718 discrepent:

213 3729 262 3798 A:
287 3756 370 3821 quae
394 3735 481 3799 viro
503 3745 639 3819 nuptum
662 3733 757 3800 datur

212 3837 256 3902 P:
281 3859 364 3924 quae
387 3837 437 3903 ad
460 3837 588 3903 virum
611 3847 750 3925 nuptum
772 3835 877 3915 datur,

261 4060 280 4125 ¹)
300 4058 331 4112 Si
348 4076 447 4114 revera
463 4060 494 4113 in
511 4059 566 4114 fine
583 4076 679 4112 versus
704 4059 733 4110 in
751 4059 779 4113 A
797 4061 890 4125 extat,
918 4059 993 4127 quod
1011 4058 1170 4130 Geppertus
1188 4060 1327 4130 dispicere
1344 4061 1399 4115 sibi

170 4144 246 4200 visus
265 4146 308 4197 006
325 4144 429 4198 dietata
447 4145 539 4214 impia,
556 4144 588 4197 in
605 4143 629 4198 P
647 4145 690 4198 ita
707 4160 816 4212 quoque
838 4144 964 4199 recensio
983 4144 1132 4198 statuenda
1147 4147 1197 4210 006,
1216 4142 1399 4200 Ambrosiani

170 4234 265 4284 autem
283 4245 378 4282 versus
396 4228 471 4283 redit
489 4229 525 4282 ad
551 4228 665 4294 ,Verum
684 4246 852 4298 quamquam
870 4229 959 4283 multa
976 4229 1052 4283 dicta
1075 4229 1145 4283 mihi
1164 4229 1276 4284 dixistis
1294 4229 1397 4298 impia‘,

171 4314 356 4384 animataque
374 4332 408 4367 ex
426 4313 645 4384 interpolatione
670 4314 769 4368 eodem
785 4315 869 4369 modo
894 4313 1022 4368 additum
1039 4317 1128 4381 esset,
1152 4318 1236 4384 atque
1257 4315 1330 4368 Trio.
1348 4315 1396 4370 361

172 4398 202 4452 10
220 4400 248 4454 Α
274 4400 347 4452 mala
374 4399 457 4452 multa
484 4401 614 4464 eveniunt,
641 4399 716 4452 Pers.
739 4400 791 4454 386
811 4401 890 4469 fama
913 4400 954 4466 A,
980 4400 1054 4453 molo
1077 4401 1155 4469 fama
1177 4399 1211 4454 P.
1254 4399 1289 4454 cf.
1312 4400 1398 4455 etiam

176 4485 252 4538 Tmo.
271 4484 332 4539 306.
348 4484 398 4538 312
427 4489 455 4537 et
478 4483 613 4538 Schoellii
626 4486 719 4554 praef.
737 4502 764 4553 p.
783 4483 858 4538 XIX
877 4502 916 4553 sq.
943 4486 1008 4538 miti
1031 4484 1061 4538 10
1083 4484 1111 4538 A
1136 4485 1324 4553 interceptum
1347 4503 1398 4555 pu·

173 4569 289 4622 tandum
307 4572 381 4622 esset
397 4568 633 4638 interpretatione
650 4570 677 4621 in
694 4586 743 4624 me.
