3120 5138
679 308 880 411 Q

171 511 248 576 tivis
270 511 397 576 omissis
415 512 629 590 consentiant,
653 522 763 579 tamen
785 536 865 580 cave
890 513 966 579 inde
988 513 1121 602 colligas
1138 537 1208 580 eam
1224 516 1389 582 titulorum

168 615 304 681 formam
327 614 368 678 de
383 615 567 680 recensione
585 618 617 681 in
634 618 847 703 archetypum
865 617 1033 705 utriusque
1050 639 1254 682 communem
1268 617 1390 683 illatam

170 740 250 782 esse.
294 739 369 782 nam
391 718 478 805 quod
500 741 528 783 e.
551 741 584 806 g.
601 721 695 785 Mero.
713 719 800 786 IV4
819 718 899 784 inB
922 719 1033 785 titulus
1057 730 1146 784 extat
1163 719 1390 798 ,lisimachus

166 818 325 905 Dorippa.
358 819 485 898 Ooous‘,
518 821 550 886 in
581 821 608 888 Ο
635 821 862 908 ,Lysimachus
890 820 996 888 (locus
1024 822 1140 888 Eidem
1175 823 1212 910 (i.
1235 845 1263 888 e.
1296 823 1390 910 Syra,

168 921 316 1009 Dorippa
339 920 567 1008 Lysimachus,
597 925 689 991 euius
707 947 823 990 nomen
838 924 972 1011 insuper
987 924 1080 990 titulo
1096 924 1299 1011 adscriptum
1316 927 1389 1013 est),

169 1048 246 1090 num
268 1025 342 1109 quis
364 1025 396 1090 in
420 1025 482 1091 hac
506 1050 571 1093 una
594 1051 711 1093 scaena
733 1036 946 1092 correctorem
969 1027 1142 1114 archetypi
1168 1027 1239 1093 sola
1260 1029 1389 1095 nomina

169 1125 295 1194 dedisse
335 1128 457 1206 credet,
500 1129 555 1213 qui
589 1130 670 1196 sciat
695 1151 754 1216 per
782 1140 883 1196 totam
910 1133 1110 1196 Mercatorern
1146 1131 1297 1197 fabulam
1325 1135 1390 1218 (ex-

169 1239 263 1315 cepta
279 1228 308 1294 V
326 1231 360 1316 2)
383 1230 461 1297 inP
483 1231 592 1298 titulos
616 1232 861 1318 diligentissime
884 1233 926 1298 ad
949 1233 1079 1299 solitum
1101 1256 1223 1299 morem
1239 1245 1389 1300 exaratos

169 1333 272 1400 esse?
288 1353 349 1396 nec
370 1333 442 1418 plus
472 1335 615 1400 efficiunt
629 1338 701 1400 Aul.
719 1335 770 1400 IV
786 1336 808 1400 4
829 1335 955 1413 ,Euclio
977 1334 1147 1402 Strobilus‘
1168 1337 1237 1403 ΒΕ
1252 1338 1288 1417 J,
1304 1338 1357 1406 IV
1371 1338 1390 1403 b

168 1439 351 1522 ,Strobilus‘
368 1439 408 1516 Β,
434 1460 508 1503 eum
524 1438 558 1502 in
574 1440 741 1503 Aulularia
755 1447 923 1524 praeterea
940 1439 1105 1504 titulorum
1122 1439 1245 1526 species
1258 1441 1390 1529 egregie

171 1541 233 1608 sibi
245 1554 377 1608 constet.
387 1543 415 1630 ¹)
430 1541 522 1607 cuius
544 1541 577 1605 in
593 1541 721 1606 novicia
736 1542 897 1627 scriptura
911 1539 1069 1605 tradenda
1089 1552 1264 1606 concentus
1287 1564 1392 1627 pauca

169 1667 253 1730 quae
275 1655 388 1711 extant
415 1644 564 1731 exempla
589 1647 646 1708 vix
675 1644 804 1709 maioris
833 1642 984 1708 momenti
1012 1654 1101 1721 sunt,
1138 1666 1237 1731 quam
1268 1643 1291 1709 ii
1318 1643 1391 1723 loci,

167 1747 284 1832 quibus
307 1747 436 1836 plurimi
459 1746 586 1812 codices
608 1745 779 1812 Palatinae
807 1744 1002 1810 recensionis
1030 1744 1286 1810 recentissimam
1317 1745 1391 1811 titu-

172 1851 275 1918 lorum
296 1851 433 1916 formam
462 1848 629 1927 exhibent,
658 1873 741 1914 unus
769 1870 847 1913 vero
874 1849 998 1913 alterve
1025 1848 1202 1935 genuinam
1231 1850 1390 1933 servavit3

168 1956 208 2024 cf.
231 1976 259 2020 e.
281 1976 314 2041 g.
337 1954 432 2020 Mero.
454 1952 509 2017 Il
539 1951 715 2029 ,Charinus
738 1951 941 2016 adelescens‘
971 1950 1009 2032 B,
1043 1950 1226 2029 ,Charinus‘
1254 1952 1392 2035 reliqui3

167 2057 229 2125 12
258 2055 433 2138 ‚Achantio
454 2077 575 2121 servus.
599 2054 759 2121 Charinus
782 2055 981 2120 adolescens‘
1004 2053 1042 2135 B,
1067 2053 1242 2132 ‚Achantio
1277 2054 1393 2120 Obari-

166 2170 238 2225 nus‘
260 2158 332 2226 OD.
377 2157 572 2224 contrarium
600 2169 647 2223 est
677 2158 763 2244 quod
793 2157 897 2222 codex
919 2156 966 2235 B,
994 2157 1085 2222 cuius
1107 2157 1204 2221 etiam
1232 2156 1266 2220 in
1288 2156 1393 2222 titulis

170 2261 338 2329 servandis
361 2261 494 2349 egregia
515 2271 563 2325 est
584 2260 680 2339 fides,
709 2260 742 2324 in
767 2259 860 2324 Stich.
882 2257 947 2324 13.
970 2258 1125 2327 112.111
1146 2260 1174 2326 1.
1190 2259 1220 2323 2.
1235 2258 1297 2324 IV.
1314 2258 1342 2327 1.
1360 2259 1392 2326 2.

170 2363 235 2432 Vl
259 2365 389 2430 nomina
412 2363 544 2449 propria
568 2372 692 2428 tanturn
722 2361 846 2428 scaenis
874 2360 1115 2447 superscripsit,
1144 2361 1338 2447 plerumque
1362 2362 1392 2428 is

168 2485 240 2534 cum
262 2468 296 2533 A
319 2466 508 2548 concinens,
538 2487 612 2530 cum
632 2464 665 2530 D
690 2487 764 2530 cum
786 2465 917 2531 nomina
939 2463 1070 2550 propria
1093 2474 1161 2527 tum
1184 2464 1393 2530 characteres

168 2593 267 2636 manu
289 2570 382 2635 tertia
405 2570 527 2655 scripta
550 2567 719 2646 exhibeat,
748 2569 781 2632 in
803 2568 831 2635 O
853 2590 941 2646 vero,
962 2579 999 2632 ut
1021 2565 1114 2648 alibi,
1152 2565 1236 2631 tituli
1257 2566 1393 2632 omnino

167 2673 276 2739 omissi
305 2673 378 2738 sint.
427 2671 461 2736 in
491 2672 679 2737 universum
714 2683 821 2736 autem
852 2692 950 2755 quam
979 2669 1132 2755 exiguam
1164 2667 1393 2735 Palatinornm

166 2777 291 2843 librarii
320 2799 452 2864 operam
481 2798 669 2840 scaenarum
698 2772 962 2862 inscriptionibus
990 2771 1182 2836 navaverint
1216 2794 1257 2837 ex
1285 2771 1394 2839 Persa

165 2878 312 2966 inprimis
339 2878 450 2945 fabula
482 2877 691 2965 intellegitur,
727 2898 810 2964 quae
838 2875 873 2939 in
899 2874 978 2961 ipsis
1006 2872 1157 2939 versibus
1188 2897 1251 2940 non
1278 2874 1390 2940 minus

168 3005 266 3070 quam
295 2983 329 3046 in
358 3003 548 3046 scaenarum
580 2978 842 3067 inscriptionibus
877 2977 1067 3065 plerumque
1101 2976 1285 3042 nominibus
1319 3000 1393 3064 per·

168 3106 318 3150 sonarum
341 3096 439 3162 caret,
463 3094 495 3148 et
516 3082 580 3149 illis
603 3083 704 3148 titulis
727 3080 971 3166 comprobatur,
1001 3079 1117 3168 quibus
1146 3079 1242 3145 unius
1265 3089 1401 3146 tantum,

168 3208 326 3274 personae
350 3186 518 3251 character
540 3185 662 3252 nomini
677 3185 879 3270 subscriptus
895 3196 953 3261 est,
975 3183 1173 3270 reliquarum
1196 3181 1392 3269 significatio

168 3289 387 3367 desideratum
421 3290 462 3353 cf.
496 3310 523 3353 e.
555 3310 587 3373 g.
622 3290 710 3355 Most.
736 3287 776 3353 H
803 3291 815 3350 l
852 3285 984 3364 ,Tranio
1017 3308 1139 3353 servus.
1172 3284 1391 3356 Philolaches.

168 3391 410 3458 Callidamates.
437 3390 637 3476 Delphium‘3
666 3390 733 3459 Vl
756 3389 998 3469 ,Callidamates
1019 3388 1217 3454 adolescens.
1247 3387 1392 3455 Theure·

169 3492 270 3578 pides.
294 3492 436 3558 Tranio‘.
486 3493 542 3557 sed
571 3513 635 3556 non
666 3492 782 3557 desunt
803 3492 935 3579 quidam
961 3491 995 3556 in
1023 3489 1146 3556 scaenis
1175 3489 1392 3556 inscribendis

168 3617 308 3673 errores,
339 3595 395 3682 qui
418 3594 624 3660 correctionis
647 3594 863 3680 suspicionem
884 3595 1018 3660 fortasse
1041 3592 1138 3659 alicui
1160 3591 1303 3660 iniciant
1356 3594 1391 3659 in

168 3695 306 3766 Oasinae
340 3697 465 3762 scaenis
499 3696 625 3763 duabus
655 3697 690 3762 in
718 3697 749 3764 B
778 3699 863 3763 servi
893 3719 1011 3762 nomen
1037 3696 1183 3775 ,Stalino‘
1210 3694 1322 3782 (113)
1359 3709 1392 3763 et

167 3791 320 3879 ,Stalicio‘
343 3799 462 3887 (1113)
485 3800 675 3887 inscriptum
698 3811 763 3879 est3
791 3800 880 3886 quod
901 3810 1080 3868 monstrum
1112 3801 1291 3887 scripturae
1311 3821 1393 3877 ,cor-

256 4005 277 4072 1)
294 4003 468 4060 Peeulierem
485 4007 680 4062 condicionem
703 4007 788 4062 habet
805 4006 992 4076 Amphitruo,
1014 4023 1068 4075 qua
1085 4007 1116 4060 in
1133 4005 1229 4061 fabula
1251 4023 1314 4060 eum
1331 4022 1393 4060 non

168 4091 305 4147 eiusmodi
326 4107 475 4162 personae,
503 4092 633 4160 qualibus
666 4093 829 4161 ceteroquin
856 4091 1000 4146 comoedia
1030 4093 1072 4146 uti
1095 4091 1180 4158 solet,
1206 4093 1237 4145 in
1259 4107 1393 4146 scaenam

166 4177 316 4247 prodeant,
344 4176 392 4230 sed
415 4176 456 4231 dii
477 4176 558 4232 heros
582 4177 689 4242 herois,
720 4180 936 4231 consentaneum
959 4180 1001 4230 est
1029 4180 1192 4246 pertatem
1216 4175 1342 4230 fabulam
1361 4176 1394 4231 in

166 4261 260 4316 titulis
277 4261 391 4315 nomina
408 4264 519 4316 tantum
536 4264 636 4331 utpote
653 4262 781 4317 omnibus
800 4261 868 4316 satis
885 4265 964 4327 nota,
992 4262 1093 4330 quibus
1111 4262 1272 4316 charactere
1289 4260 1392 4318 addito

170 4362 248 4416 opus,
266 4362 323 4400 non
341 4350 403 4401 erat
420 4346 527 4416 scripta
544 4363 616 4415 ssae;
639 4347 723 4415 idque
740 4345 827 4402 etiam
844 4346 921 4400 valet
937 4346 973 4400 de
990 4345 1087 4400 Sosiae
1112 4344 1186 4400 servi
1211 4348 1240 4398 et
1257 4344 1395 4403 Bromius

169 4429 287 4485 ancillae
303 4431 335 4484 in
351 4430 443 4485 titulis
463 4432 735 4486 commemoratione.
753 4430 809 4485 nisi
827 4431 902 4499 quod
921 4429 971 4486 Vl
990 4432 1020 4484 in
1038 4431 1063 4485 Β
1081 4431 1205 4498 ,Bromia
1221 4431 1341 4499 ancilla‘,
1361 4428 1404 4489 in'

169 4514 196 4569 D
215 4514 342 4582 ,aecidat
359 4515 390 4572 in
406 4514 457 4570 Ε]
476 4515 587 4582 ,aneilla
604 4515 727 4574 Bromia‘
744 4515 865 4585 legitur..
