3120 5138
859 301 902 374 m
985 269 990 275 .

271 529 330 598 pro
345 509 503 577 Plautinis
519 512 688 589 habentur,
710 535 794 601 qnae
809 525 857 578 est
872 534 945 579 mea
959 514 1126 591 sententia,
1149 514 1246 579 etiam
1261 512 1489 600 Lysimachus,

273 626 307 679 ut
328 615 398 679 fieri
424 615 505 679 solet
536 614 569 679 in
598 615 770 679 verborum
796 615 1033 681 incredibilium
1066 617 1260 683 mirabundo
1291 617 1490 702 repetitione,

272 717 408 783 eundem
432 715 605 783 verborum
627 716 771 782 ordinem
799 740 945 784 servasse
967 719 1147 785 credendus
1175 730 1238 804 est3
1276 720 1326 784 sin
1349 741 1426 784 vero
1448 719 1489 784 ab

270 820 499 908 interpolatore
514 820 660 906 profecta
675 831 759 898 sunt,
776 842 849 886 eum
864 831 1114 888 consentaneum
1130 831 1179 886 est
1194 822 1229 886 in
1246 845 1276 886 v.
1292 821 1361 886 534·
1371 823 1488 910 legisse

271 933 366 987 tecam
386 945 450 986 mm
472 937 504 987 et
526 920 568 987 ad
590 944 700 986 eorum
724 924 891 1011 exemplar
912 924 1025 990 eodem
1048 946 1166 991 vocum
1188 925 1300 989 ordine
1323 925 1489 1013 scripsisse

269 1048 384 1089 maecum
405 1048 483 1102 rem3
506 1025 616 1112 itaque
637 1025 670 1088 iu
693 1025 880 1113 archetypo,
903 1049 943 1091 ex
965 1050 1028 1115 quo
1043 1026 1280 1092 Ambrosianus
1303 1037 1335 1092 et
1348 1025 1490 1091 Palatini

269 1127 448 1205 fluxerunt,
477 1127 621 1194 extitisse
648 1138 770 1204 ,tecum
792 1151 860 1194 rem
883 1129 994 1195 hahet‘
1022 1151 1126 1217 paene
1147 1140 1270 1194 certum
1293 1138 1351 1194 est.
1394 1151 1490 1217 porro

270 1240 305 1295 ut
326 1229 484 1294 Palatinis
508 1251 566 1294 nos
588 1230 798 1315 applicemus,
820 1232 936 1298 suadet
958 1254 1110 1297 mensura
1130 1231 1283 1298 Plautina
1304 1233 1369 1295 rem
1391 1233 1487 1296 lubet.

234 1364 238 1371 .
270 1333 361 1398 cuius
391 1333 586 1399 auferendae
608 1354 707 1398 causa
732 1332 941 1400 Ambrosiani
968 1344 1128 1400 corrector
1155 1355 1269 1421 ,quom
1297 1333 1394 1399 hahet
1422 1356 1489 1399 rem

269 1444 387 1500 tecum‘
402 1433 582 1502 substituit.

355 1539 467 1602 Pseud.
490 1539 562 1604 890.
595 1537 639 1603 P:
664 1536 728 1602 Idm
749 1537 815 1603 illic
837 1560 898 1625 ego
926 1538 1035 1605 habito

585 1640 635 1705 A:
657 1639 731 1706 Illic
753 1661 814 1726 ego
836 1640 947 1708 habito

267 1763 310 1806 ne
331 1742 420 1829 prior
442 1743 567 1828 syllaba
589 1744 678 1808 vocis
700 1745 763 1808 illic
785 1744 1006 1831 corriperetur.

355 1844 475 1933 Neque
509 1857 616 1911 tamen
649 1845 699 1911 his
725 1847 807 1912 locis
836 1847 940 1913 allatis
963 1847 1022 1912 toti
1049 1847 1125 1913 huic
1157 1847 1337 1934 quaestioni
1364 1846 1488 1924 satisfit,

270 1948 327 2012 sed
356 1959 406 2013 sat
441 1948 543 2013 multa
569 1948 712 2015 eiusdem
740 1951 945 2015 correctionis
969 1951 1096 2038 generis
1126 1950 1276 2037 exempla
1303 1960 1486 2036 supersunt,

270 2073 352 2138 qnae
365 2051 495 2138 quidem
508 2074 549 2117 ex
560 2051 661 2118 libelli
678 2051 811 2117 consilio
823 2053 856 2118 in
867 2052 1048 2138 proximam
1061 2052 1302 2140 paragraphum
1314 2052 1489 2118 reservavi.

270 2154 310 2217 cf.
330 2155 424 2218 Mem.
443 2155 515 2220 260.
544 2155 625 2219 Tria.
642 2153 714 2222 328.
737 2155 849 2220 Pseud.
867 2156 919 2224 85.
935 2154 1008 2223 315.
1030 2156 1100 2220 Mil.
1115 2157 1191 2241 plor.
1207 2155 1279 2224 686.
1304 2154 1398 2220 Stich.
1413 2154 1487 2219 451.

850 2343 925 2428 se.

354 2459 437 2526 (lum
462 2461 495 2525 in
518 2462 580 2527 hac
601 2462 808 2550 paragrapho
825 2484 879 2528 eos
900 2463 987 2530 locos
1003 2463 1247 2530 examinaturus
1265 2461 1337 2540 sim,
1353 2484 1489 2550 quorum

269 2564 301 2629 in
317 2566 351 2629 A
372 2565 586 2630 correctiones
600 2587 705 2649 neque
716 2564 758 2631 ob
776 2567 925 2632 metricas
941 2587 1046 2655 neque
1062 2565 1103 2631 ob
1125 2564 1332 2651 prosodiacas
1350 2564 1488 2631 rationes

268 2667 431 2734 institutae
449 2679 533 2746 sunt,
555 2667 612 2733 sed
627 2679 741 2755 poetae
756 2669 881 2734 animus
903 2669 1093 2756 plerumque
1115 2691 1135 2733 a
1149 2668 1256 2735 sciolis
1268 2666 1488 2754 grammaticis

269 2793 370 2857 prave
380 2770 560 2837 intellectus
572 2793 703 2837 causam
714 2771 861 2838 mutandi
868 2769 1026 2858 praebuit,
1037 2769 1164 2835 initium
1177 2769 1343 2855 capiamus
1355 2789 1374 2831 a
1385 2767 1488 2832 tribus

268 2874 355 2959 locis,
380 2896 516 2962 quorum
539 2874 818 2961 diligentissimam
841 2873 1086 2951 enarrationem,
1109 2893 1183 2938 oum
1205 2871 1287 2937 haec
1303 2870 1489 2936 dissertatio

268 2976 332 3040 iam
356 2998 459 3063 paene
482 2977 628 3041 confecta
650 2987 750 3054 esset,
777 2975 899 3061 publici
922 2977 1001 3041 iuris
1024 2975 1101 3041 fecit
1131 2975 1303 3043 Eduardus
1325 2972 1488 3060 Ireidolph

268 3079 301 3142 in
345 3082 623 3144 commentationum
661 3080 916 3166 pbilohpicomm
957 3079 1132 3144 Jenmst'um
1181 3078 1343 3145 volumine
1387 3076 1488 3142 altero

269 3180 415 3268 (Lipsiae
450 3183 548 3269 1883)
576 3205 607 3269 p.
638 3180 829 3248 199-260.
880 3181 937 3265 qui
969 3182 1003 3245 in
1030 3179 1254 3246 dissertatione
1287 3182 1325 3244 dc
1352 3179 1436 3243 Festi
1461 3188 1488 3242 et

267 3286 363 3350 Pauli
377 3287 448 3350 locis
466 3286 620 3351 Plautiam
634 3284 765 3372 egregie
780 3284 931 3372 cognovit
953 3283 994 3348 ad
1016 3282 1184 3349 historiam
1205 3293 1373 3349 contextus
1391 3298 1487 3368 quem

268 3398 386 3454 vocant
416 3387 640 3453 Plautinarum
678 3388 862 3456 fabularum
896 3386 1122 3453 illustrandam
1166 3395 1199 3452 et
1237 3385 1279 3451 ad
1319 3383 1486 3466 utriusque

267 3512 378 3557 earum
400 3490 595 3557 recensionis
616 3491 774 3579 originem
796 3500 933 3556 aetatem
953 3491 1092 3576 pretium
1114 3500 1200 3555 recte
1220 3486 1420 3553 aestimanda
1442 3488 1486 3551 in-

267 3594 379 3680 primis
407 3592 607 3660 adhibendos
641 3615 709 3659 esse
738 3593 799 3660 hos'
827 3594 932 3658 locos:
970 3594 1067 3680 apto.
1102 3592 1167 3658 620
1200 3592 1270 3656 Mat
1297 3592 1373 3679 plor.
1403 3589 1486 3654 1180

272 3695 452 3886 Tmldircdll.
463 3797 527 3863 620
563 3796 629 3863 Sed
645 3797 716 3885 quis
733 3797 814 3862 haec
826 3807 875 3862 est
892 3796 1081 3864 muliercula
1094 3807 1126 3862 et
1140 3794 1193 3861 ille
1208 3794 1486 3883 gravastellus

266 4002 503 4091 ,gravastellus‘
541 4001 631 4068 Bet
651 4002 686 4080 J,
715 4002 773 4069 ubi
798 3899 1190 4089 tamelhububbilslcliptum
1216 4011 1265 4065 est
1296 3999 1339 4077 ,al
1373 3999 1484 4086 grains

266 4104 395 4184 c'ellus‘3
430 4104 633 4183 ,ravistellus‘
653 4104 697 4169 A.
742 4125 783 4170 ex
805 4103 895 4170 Festi
921 4103 1028 4170 verbis
1049 4126 1081 4190 p.
1103 4096 1166 4169 273
1188 4102 1233 4168 Μ.
1256 4101 1338 4167 haec
1359 4112 1484 4168 tanturn

265 4204 453 4294 supersunt:
496 4208 711 4295 ,appellantur
726 4255 735 4272 .
750 4257 759 4274 .
775 4255 805 4275 ..
842 4229 921 4273 ravo
961 4207 1022 4275 sub
1060 4227 1119 4271 oon
1136 4253 1144 4270 .
1161 4253 1169 4271 .
1185 4252 1218 4275 ..
1257 4204 1344 4292 qnod
1381 4225 1484 4291 genus

266 4310 432 4377 hominum
453 4357 461 4374 .
483 4363 490 4379 .
513 4358 549 4378 ..
585 4310 642 4375 sed
675 4310 748 4399 quis
775 4310 856 4376 hacc
882 4321 930 4374 est
951 4357 959 4374 .
982 4357 990 4374 .
1014 4357 1050 4377 ..
1078 4309 1187 4374 venit‘.
1229 4328 1313 4396 quae
1341 4306 1484 4393 suppleri

266 4411 472 4500 aliquomodo
494 4425 628 4498 possunt
656 4434 697 4478 cx
713 4411 809 4478 Pauli
832 4411 972 4498 epitoma
1006 4432 1037 4496 p.
1068 4409 1130 4475 272
1157 4409 1218 4477 hh:
1251 4408 1332 4487 ,ravi
1369 4407 1484 4473 coloris

266 4514 480 4604 appellantur,
502 4515 650 4602 quisunt
671 4515 755 4581 inter
768 4513 869 4579 flavos
892 4524 924 4578 et
937 4513 1070 4591 caesios,
1093 4533 1173 4601 quos
1189 4511 1326 4581 Plautus
1341 4511 1484 4600 appellat
