3120 5138
277 566 324 628 A:
349 564 509 632 Valetne?
554 565 562 650 ll
599 566 695 628 immo
729 565 843 649 edepol
876 566 991 631 melius
1025 568 1089 631 iam
1127 568 1211 632 fore
1245 591 1377 654 spero,
1421 582 1461 636 te

846 669 914 734 ubi
938 669 1095 734 videret

276 769 320 834 P:
345 768 505 837 Valetne?
548 770 557 856 ll
594 770 691 834 immo
720 770 834 854 edepol
863 771 977 837 melius
1006 772 1070 835 iam
1101 773 1218 838 credo
1255 773 1357 852 fore,
1392 775 1464 842 ubi

846 884 882 937 te
905 874 1068 940 videbit.

234 1003 446 1057 correctorem
461 991 669 1056 Ambrosiani
692 992 898 1079 perspicuum
921 1006 969 1058 est
989 995 1043 1058 ubi
1064 995 1221 1060 sententia
1244 996 1462 1061 condicionali

234 1095 292 1180 (=
312 1098 352 1181 si)
383 1094 546 1181 accepisse
579 1095 714 1181 ideoque
750 1096 881 1160 modum
918 1098 1172 1162 condicionalem
1201 1099 1385 1164 coniectura
1415 1100 1466 1164 in·

233 1197 357 1274 tulisse3
391 1199 479 1260 credo
511 1208 619 1261 autem
653 1210 813 1262 antestare
837 1199 1047 1264 Ambrosiani
1077 1201 1255 1288 scripturae
1283 1225 1368 1288 spero
1397 1226 1465 1268 non

235 1311 284 1364 est
316 1300 400 1383 quod
436 1321 610 1383 exponam3
655 1303 694 1368 cf.
723 1301 815 1364 Stich.
846 1303 908 1366 144
935 1304 1098 1389 probiores,
1134 1306 1231 1376 creda
1266 1305 1465 1369 arbitrabatur

234 1402 306 1480 ΑΡ,
329 1424 396 1466 cero
417 1400 544 1466 Nonius
567 1424 598 1486 p.
624 1403 695 1480 170,
719 1404 768 1467 11.

319 1522 416 1607 apsa.
439 1520 501 1586 cos

277 1642 325 1704 A:
349 1641 385 1706 Si
406 1640 546 1717 invenio,
570 1639 768 1705 exitiabilem
792 1662 852 1728 ego
874 1641 992 1706 faciam
1014 1656 1050 1707 ut
1073 1645 1125 1708 hic
1147 1644 1203 1709 fiat
1225 1644 1293 1709 dies

280 1743 321 1807 P:
346 1743 382 1808 si
405 1743 545 1819 invenio,
569 1742 767 1806 exitiabilem
791 1765 851 1828 ego
875 1745 921 1809 illi
944 1745 1061 1810 faciam
1085 1747 1171 1811 hunc
1192 1756 1229 1810 ut
1251 1747 1306 1810 fiat
1329 1747 1426 1810 diem.

236 1863 391 1930 Goetzius
415 1862 637 1927 Palatinarum
660 1863 856 1941 memoriam,
880 1886 1078 1949 quamquam
1101 1875 1262 1930 structura
1285 1866 1465 1932 verborum

238 1967 422 2031 inusitatior
444 1977 538 2044 esset,
568 1978 693 2030 mutare
715 1987 779 2028 non
809 1988 905 2031 ausus
930 1978 992 2052 est3
1024 1967 1078 2031 sed
1103 1968 1308 2032 Ambrosiam
1331 1968 1466 2054 integri-

236 2071 311 2134 tatis
335 2070 483 2134 defensor
505 2069 612 2134 extitit
633 2066 801 2135 Vahlenus
825 2069 859 2131 in
882 2070 1017 2133 Hermae
1039 2071 1101 2134 vol.
1125 2069 1234 2137 XVII
1257 2094 1287 2158 p.
1312 2071 1375 2136 598
1400 2095 1464 2159 sq„

235 2174 291 2256 qui
314 2173 383 2237 eius
406 2194 537 2237 versum
560 2172 606 2236 sic
630 2171 792 2236 dimensus

322 2275 357 2341 Si
372 2276 501 2339 invenio
517 2274 713 2339 exitiabilem
730 2296 790 2361 ego
804 2275 923 2339 faciam
939 2288 974 2339 ut
988 2276 1042 2340 hic
1058 2276 1113 2339 fiat
1129 2276 1197 2340 dies

234 2378 456 2444 Palatinorum
479 2388 691 2443 correctorem
721 2377 799 2442 dicit
833 2377 974 2464 effugere
1005 2379 1165 2443 studuisse
1195 2379 1280 2466 quod
1309 2379 1462 2464 impediti

236 2481 354 2546 habeat
388 2481 444 2544 illa
478 2503 576 2564 quam
604 2480 638 2544 A
669 2479 802 2566 praebet
836 2490 1006 2547 structura.
1051 2480 1137 2564 quod
1164 2481 1192 2544 si
1221 2503 1332 2545 verum
1365 2492 1463 2560 esset,

240 2586 412 2649 correctori
430 2605 529 2671 opera
550 2582 768 2648 infelicissime
791 2584 954 2661 cessisset;
975 2606 1050 2647 nam
1073 2585 1145 2649 loco
1168 2594 1348 2649 structurae
1370 2583 1463 2650 haud

238 2687 284 2751 ita
300 2686 438 2752 difficilis
457 2685 631 2764 intellectu,
654 2687 760 2774 qualis
780 2686 814 2750 in
831 2688 864 2751 A
886 2698 943 2770 est,
967 2710 1031 2751 non
1052 2688 1156 2773 potuit
1171 2691 1315 2773 profecto
1331 2689 1461 2753 intrica-

236 2793 349 2855 tiorem
371 2791 488 2856 inferre
511 2812 565 2868 ea,
594 2812 677 2874 quae
700 2791 733 2854 in
756 2789 785 2853 P
806 2789 932 2876 legitur.
977 2791 1199 2874 exemplorum
1222 2802 1344 2873 autem,
1374 2813 1462 2875 quae

236 2894 278 2959 ad
308 2917 399 2959 suam
429 2893 619 2958 sententiam
649 2893 901 2958 confirmandam
926 2891 1094 2960 Vahlenus
1123 2893 1245 2972 attulit,
1280 2893 1347 2958 vim
1375 2893 1462 2958 iusto

239 2997 340 3083 pluris
369 2997 560 3060 aestimavit.
595 2996 707 3060 nititur
742 2995 825 3060 enim
864 3018 936 3059 cum
970 2997 1112 3060 maxime
1147 2997 1179 3059 in
1208 2998 1297 3060 Most.
1326 3020 1356 3064 v.
1385 2995 1462 3077 811,

236 3122 331 3184 quem
355 3101 387 3162 in
412 3098 577 3163 codicibus
599 3097 644 3162 ita
667 3098 821 3165 traditum

321 3200 368 3265 Te
390 3201 449 3265 has
472 3201 597 3265 emisse.
634 3224 698 3265 non
721 3212 755 3266 tu
777 3201 868 3266 vides
891 3201 976 3267 huuc
999 3202 1089 3267 voltu
1111 3215 1145 3267 ut
1168 3202 1251 3267 tristi
1268 3214 1316 3267 est
1337 3224 1462 3266 senex

235 3303 408 3372 Vahlenus
431 3315 503 3388 post
526 3304 605 3368 alios
628 3304 675 3368 sic
696 3302 825 3389 scripsit

320 3403 368 3469 Te
395 3404 454 3468 has
482 3405 606 3470 emisse.
652 3426 715 3470 non
744 3416 778 3471 tu
806 3405 896 3471 vides
925 3406 1011 3472 hunc
1041 3407 1131 3471 voltu
1152 3417 1188 3471 ut
1211 3419 1269 3472 est
1298 3410 1371 3493 (sive
1393 3406 1462 3495 sit)

1225 3510 1308 3574 tristi
1336 3532 1462 3575 senex

238 3609 384 3673 Beckero
413 3610 573 3696 (Studem.
594 3611 672 3673 stud.
698 3608 717 3673 Ι
745 3633 776 3695 p.
796 3609 873 3696 287)
904 3611 1109 3690 adversatus,
1144 3613 1200 3696 qui
1228 3635 1299 3677 meo
1328 3612 1463 3697 quidem

241 3712 360 3777 iudicio
383 3723 469 3777 recte
492 3712 720 3778 emendaverat

325 3814 371 3880 Te
388 3815 446 3879 has
462 3815 587 3880 emisse.
622 3838 685 3880 non
702 3827 737 3880 tu
755 3815 845 3881 vides
861 3816 957 3894 hunc,
980 3817 1070 3882 voltu
1085 3827 1121 3880 ut
1136 3816 1188 3881 sit
1203 3817 1296 3894 tristi,
1320 3839 1461 3882 senem.

239 3939 313 3981 nam
338 3918 501 4005 exempla,
531 3917 648 4003 quibus
673 3917 838 3983 Vahlenus
861 3918 1091 3983 nominativum
1118 3941 1205 3984 scaea
1234 3920 1316 3985 tueri
1343 3920 1462 3998 studet,

236 4020 318 4085 Hor.
341 4021 427 4106 epod.
451 4019 480 4103 2,
503 4021 545 4085 37

444 4138 526 4220 Quis
549 4161 613 4204 non
635 4140 795 4209 malarum
817 4164 900 4225 quas
922 4163 1013 4206 amor
1035 4163 1128 4206 curas
1152 4139 1249 4206 habet

440 4240 535 4306 Haec
557 4241 640 4307 inter
662 4241 888 4308 obliviscitur?

236 4372 268 4427 et
292 4359 400 4429 Plaut.
426 4359 515 4448 Capt.
541 4360 602 4424 179
624 4383 672 4447 ssl-
869 4460 941 4528 Nisi
966 4464 1020 4549 qui
1043 4462 1208 4529 meliorem
1231 4464 1354 4533 adferet
