3120 5138
644 340 706 405 loo

104 540 218 605 Poead.
240 541 304 610 218

146 642 189 708 P:
211 643 264 709 En
286 655 418 711 excetra
448 656 499 725 tu,
531 668 615 732 quae
644 646 704 712 tibi
729 646 850 711 amieos
879 655 927 710 tot
956 644 1055 710 habes
1083 655 1149 710 tam
1180 646 1281 732 probe

878 749 950 814 oleo
972 758 1115 814 onustos.

58 850 107 914 A:
131 850 206 928 ,Ain
241 861 373 916 excetra
406 860 470 930 tu‘;
507 849 722 916 Ritsehelium
749 872 920 938 perperam
942 851 1149 917 Ambrosiani
1171 850 1278 916 lectio·

59 974 138 1018 nem
171 953 362 1038 praetulisse
395 954 574 1020 docuerunt
606 952 783 1018 Irorenzius
817 953 890 1021 adn.
925 955 996 1019 crit.
1023 955 1065 1020 ad
1094 977 1125 1017 v.
1148 953 1211 1020 218
1250 963 1283 1019 et

59 1054 237 1143 [eugenue
264 1056 286 1121 l.
310 1079 338 1122 c.
361 1080 391 1143 p.
415 1058 484 1138 119,
519 1056 610 1122 ouius
638 1055 720 1121 haec
746 1065 795 1120 est
822 1055 1014 1141 disputatio:
1048 1055 1123 1134 ,ain‚
1152 1055 1205 1121 ain
1234 1067 1280 1135 tu,

60 1158 116 1224 ain
144 1181 238 1236 vero,
270 1159 325 1225 ain
352 1160 483 1225 tandem
512 1158 624 1223 stehen
654 1159 815 1224 entweder
843 1159 892 1223 als
921 1157 1195 1245 Unterbreohung
1225 1158 1284 1224 der

61 1260 154 1327 Rede
187 1261 274 1325 eines
302 1262 425 1327 andern
454 1261 539 1326 beim
567 1260 746 1347 Beginne
774 1261 832 1327 der
859 1260 1097 1348 Gegenrede
1126 1262 1205 1326 oder
1234 1261 1283 1326 als

60 1363 169 1428 blosse
200 1363 468 1451 Unterbrechung
496 1388 570 1431 zum
592 1365 770 1430 Ausdruck
797 1365 855 1429 der
877 1363 1158 1450 Verwundernng‚
1184 1345 1283 1430 iiber·

60 1466 227 1552 raschung
247 1466 328 1532 iiber
351 1467 420 1545 das,
445 1490 509 1531 was
533 1467 585 1531 ein
608 1467 745 1532 auderet
765 1479 881 1554 gesagt
904 1466 974 1544 hat,
1005 1466 1049 1530 im
1073 1465 1285 1534 Ganzen·bei

63 1568 201 1634 Plautus
224 1569 266 1635 25
288 1569 365 1648 Mal,
390 1569 454 1634 nie
473 1570 594 1658 jedooh
615 1569 660 1634 im
672 1568 828 1635 Verlaufe
851 1568 940 1634 einer
960 1568 1075 1636 Rede‘.
1095 1648 1102 1662 Ι
1119 1582 1154 1634 at
1177 1591 1282 1657 gram·

61 1672 181 1737 matico
203 1673 276 1755 quie
294 1671 392 1736 talem
414 1672 624 1738 mutationem
645 1671 814 1736 tribuerit?

151 1773 255 1842 Venio
276 1774 319 1840 ad
341 1775 429 1840 locos
451 1776 648 1842 incertiores.

105 1879 217 1944 Pseud
240 1879 321 1957 3073
343 1880 382 1944 cf.
405 1877 564 1967 Gepperti
586 1880 664 1942 etad.
687 1875 726 1942 H
748 1899 780 1964 p.
803 1877 854 1944 60.

149 1982 219 2067 Ag:
242 1979 319 2058 Det,
343 1982 397 2046 det
419 2002 521 2069 usqne
544 1990 600 2044 aut
621 1980 751 2064 quando
769 1980 814 2044 nil
837 1979 887 2058 sit,
910 1979 1006 2045 simul
1026 2000 1135 2044 amare
1158 1980 1283 2046 desinat

170 2083 214 2150 P:
238 2081 368 2167 Datque
391 2105 494 2167 usque
516 2092 574 2147 aut
596 2082 725 2170 quando
747 2104 774 2150 e.
789 2104 820 2169 q.
836 2104 862 2147 s.

59 2205 160 2270 quem
180 2184 288 2250 locum
309 2183 524 2270 Niemeyerus
546 2208 577 2272 p.
600 2185 620 2249 8
643 2185 726 2250 inter
747 2194 835 2251 certa
856 2184 1052 2249 recensionis
1074 2183 1108 2251 in
1129 2186 1159 2249 P
1180 2187 1285 2251 factae

60 2287 214 2376 exempla
247 2297 423 2353 enumerat.
467 2287 524 2352 sed
559 2309 690 2375 prorsus
722 2287 912 2352 incredibile
938 2296 988 2351 est
1027 2290 1285 2373 grammaticum,

61 2389 119 2477 qui
141 2390 252 2456 metris
282 2391 428 2457 consulto
451 2391 663 2479 prospiceret,
692 2401 724 2456 et
747 2390 996 2480 pinguissimum
1020 2390 1145 2457 hiatum
1168 2391 1280 2458 tulisse

61 2507 95 2559 et
132 2504 197 2558 tam
234 2493 376 2559 dementi
412 2495 597 2562 coniectura
632 2496 806 2583 (perpetuat
843 2494 965 2580 detque)
1002 2514 1131 2559 versum
1169 2517 1285 2561 sanare

61 2595 238 2662 studuisse.
282 2596 393 2681 itaque
421 2599 537 2663 autin
565 2598 595 2662 P
622 2599 752 2664 omnino
781 2597 926 2662 recensio
948 2597 1123 2662 statuenda
1151 2609 1286 2663 nonest

61 2711 118 2766 aut
139 2737 182 2748 —
204 2709 240 2764 ut
262 2699 369 2765 dicam
396 2700 483 2784 qnod
511 2702 614 2766 sentio
636 2741 678 2749 -
700 2701 922 2766 Palatinorum
951 2698 1111 2785 scriptura
1133 2711 1286 2787 corrupta

62 2812 175 2866 estex
204 2801 269 2879 ‚det
290 2823 395 2888 usque
418 2826 520 2891 usque
550 2813 606 2869 aut
630 2803 760 2891 quando
781 2803 827 2867 nil
849 2805 910 2868 eit‘.
955 2801 1044 2865 vocis
1073 2824 1165 2888 aequo
1186 2802 1285 2887 gemi-

61 2904 152 2969 natio
175 2926 272 2990 quam
296 2905 427 2990 egregie
449 2906 626 2971 sententiae
649 2905 820 2971 conveniat
848 2927 912 2969 non
935 2915 983 2970 est
1011 2902 1099 2988 quod
1122 2925 1284 2984 moneam3

61 3007 212 3073 codicum
246 3016 354 3071 autem
387 3008 495 3092 apices
529 3008 571 3072 ad
604 3009 689 3075 hanc
716 3009 910 3094 scripturam
945 3007 1043 3072 etiam
1078 3008 1282 3074 manifestius

61 3109 187 3175 ducunt
226 3132 323 3192 quam
351 3112 465 3196 Amph.
488 3113 565 3187 253,
599 3133 696 3196 quem
728 3133 858 3177 versum
891 3111 926 3175 in
958 3109 1050 3176 libris
1084 3133 1159 3178 cum
1191 3109 1285 3178 hiatu
1410 3141 1414 3147 ·

61 3213 215 3278 traditum
257 3212 361 3290 ‚Haec
405 3212 471 3277 illic
505 3224 553 3277 est
590 3214 737 3299 pugndta
767 3212 1017 3302 pugna-risque
1055 3235 1074 3277 a
1113 3212 1200 3278 mani
1240 3213 1283 3278 ad

60 3316 246 3402 vesperum‘
268 3316 470 3382 Ribbeckius
488 3318 568 3381 Moe.
587 3317 684 3381 Rhea
700 3316 901 3383 XXXVIII
921 3339 953 3402 p.
968 3315 1033 3381 450
1054 3315 1101 3381 sic
1123 3316 1280 3386 restituit:

61 3418 167 3497 ‚Haec
190 3419 257 3484 illic
279 3430 329 3484 est
345 3431 489 3507 pugnata
511 3440 624 3505 pugno
645 3441 747 3503 usque
763 3440 865 3503 usque
887 3442 906 3484 a
922 3421 1008 3484 mani
1025 3420 1068 3483 ad
1084 3431 1283 3505 vesperum‘3

61 3522 174 3588 attulit
194 3532 304 3588 autem
328 3522 408 3587 haec
430 3523 580 3608 exempla
609 3523 786 3588 secundum
814 3521 1043 3588 Woelfflinium
1065 3522 1284 3610 (Sitzuopebcr.

64 3627 98 3690 d.
122 3627 237 3690 Mrtreois
264 3627 364 3690 Acad.
390 3625 472 3690 1882
496 3623 515 3689 Ι
536 3647 569 3709 p.
592 3624 686 3710 468):
720 3624 816 3690 Mart
839 3624 872 3692 V
894 3627 946 3705 60,
971 3627 1005 3691 1:
1028 3626 1180 3705 ,adlatres
1208 3627 1285 3692 licet

61 3750 166 3816 usque
188 3749 246 3793 nos
270 3740 301 3793 et
322 3738 451 3813 usque‘3
473 3727 575 3814 Apul.
597 3729 671 3794 Met.
693 3728 712 3792 I
734 3727 776 3794 38
798 3729 889 3807 ,fines
912 3751 1013 3813 usque
1036 3740 1067 3794 et
1088 3751 1192 3818 usque
1213 3753 1284 3816 pro
1399 3809 1400 3812 Ἴ

61 3831 258 3898 terminare‘.
303 3841 413 3896 contra
440 3851 537 3914 quem
564 3830 689 3895 monuit
710 3831 880 3897 Abraham
902 3832 924 3896 l.
948 3854 974 3901 c.
999 3856 1029 3921 p.
1053 3831 1116 3898 209
1144 3843 1281 3917 utroque

60 3935 134 4001 loeo
155 3957 247 4021 usqae
269 3945 302 3999 et
322 3956 414 4020 oeque
434 3933 517 4020 legi,
550 3955 614 3997 non
635 3956 727 4020 rupee
748 3957 853 4021 aspum
876 3935 963 4020 quod
985 3935 1047 4001 etsi
1069 3952 1132 4000 non
1146 3935 1284 4001 multum

63 4037 173 4103 valere
195 4037 272 4101 mihi
296 4035 436 4113 videtur,
456 4047 564 4101 tamen
588 4035 697 4101 nescio
719 4059 760 4101 an
783 4039 998 4124 praeferenda
1012 4038 1054 4102 sit
1068 4036 1284 4104 Studemundi

62 4139 248 4206 emendatio
268 4137 390 4204 ibidem
405 4138 547 4224 prolata:
570 4137 675 4218 ‚Haec
689 4139 736 4204 illi
758 4141 816 4204 sic
837 4152 982 4228 pugnata
997 4149 1141 4227 pugnast
1163 4141 1284 4205 amani

62 4263 168 4327 usque
191 4241 232 4306 ad
254 4243 448 4327 vesperum‘.
491 4239 648 4308 Pseuduli
670 4253 777 4306 antem
799 4264 929 4309 versum
951 4245 978 4308 si
1001 4253 1088 4308 recte
1103 4241 1283 4326 emendavi,

62 4346 152 4434 paris
174 4347 318 4430 profecto
340 4343 506 4431 dignitatis
532 4343 616 4409 duae
639 4346 817 4431 scripturae
840 4356 978 4412 aetatem
1000 4346 1152 4411 tulerunt.

150 4449 220 4512 lam
254 4448 348 4533 eopia
376 4447 535 4526 locorum,
555 4447 612 4532 qui
645 4448 708 4513 huc
736 4450 896 4535 pertinere
923 4449 1004 4514 mihi
1033 4448 1196 4526 videntur,
1228 4469 1283 4514 ex·

63 4552 181 4625 humta
203 4563 261 4615 est.
298 4550 355 4616 sed
377 4570 441 4614 non
465 4571 741 4635 supervacaneum
763 4551 842 4616 mihi
858 4552 985 4617 videtur
1006 4551 1124 4618 iterum
1139 4561 1283 4639 repetere
