3120 5138
649 348 708 414 181

64 565 264 640 propagatae
282 567 366 633 sunt,
383 576 442 640 per
458 555 530 641 plus
550 577 608 621 sex
630 553 760 622 saecula
777 554 926 621 licentiae
948 553 1233 643 grammaticorum
1257 563 1289 620 et

64 656 232 734 lectorum,
245 655 411 721 socordiae
418 655 624 721 librariorum
636 655 771 721 traditas
782 655 892 735 fuisse,
910 678 1005 743 porro
1018 656 1218 743 antiquitatis
1230 657 1287 723 illa

65 760 250 824 testimonie
282 759 316 824 in
346 782 410 825 uno
438 770 564 823 tantum
592 759 733 825 alterove
761 758 872 824 codice
900 780 1132 846 saepenumero
1159 771 1289 825 servata

64 885 145 940 esse,
158 860 398 928 concedendum
412 873 460 926 est
471 859 511 925 ab
523 872 654 926 auctore
666 861 861 927 recensionis
871 861 1039 927 Palatinae
1053 885 1094 927 ex
1106 863 1284 950 archetypo

65 964 212 1053 principe
235 976 267 1030 et
282 964 452 1030 semeiosin
475 976 506 1028 et
521 964 643 1029 litteras
666 964 738 1029 illas
754 963 898 1031 Graecas
914 975 946 1029 et
961 961 1128 1029 titulorum
1149 965 1287 1030 formam

64 1068 254 1154 primariam
277 1068 310 1131 in
333 1067 514 1153 exemplar,
543 1067 630 1151 quod
655 1066 828 1145 condebat,
851 1066 946 1151 plene
977 1065 1110 1131 tralatas
1137 1088 1221 1145 esse;
1254 1066 1287 1132 in

64 1194 201 1257 quarum
215 1170 357 1236 omnium
369 1170 552 1256 integritate
568 1169 788 1236 imminuenda
804 1180 931 1254 tempus
943 1168 1016 1257 plus
1028 1168 1115 1234 mille
1129 1191 1286 1235 annorum

63 1297 129 1340 non
160 1286 283 1339 tantum
310 1272 437 1339 efficere
465 1274 583 1358 potuit,
618 1284 776 1358 quantum
803 1274 836 1338 in
863 1271 1074 1338 Ambrosiani
1102 1272 1288 1338 recensione

63 1378 159 1443 unius
182 1377 320 1443 hominis
343 1375 556 1441 deliberatum
579 1375 758 1443 consilium.
801 1377 836 1440 in
863 1397 1054 1441 scaenarum
1082 1374 1287 1440 distinctione

62 1503 169 1566 pauca
196 1480 402 1546 correctionis
429 1479 535 1544 factae
564 1479 701 1564 vestigia
730 1479 763 1543 in
784 1479 813 1544 P
835 1489 995 1565 apparent
1028 1500 1131 1564 paene
1154 1499 1285 1543 evanes-

64 1584 171 1649 centia
206 1605 283 1668 prae
317 1582 372 1659 iis,
411 1603 495 1669 quae
527 1579 738 1647 Ambrosiani
771 1593 933 1647 corrector
964 1581 1137 1647 fortissime
1171 1579 1286 1667 posuit.

64 1684 294 1775 quaerentibus
318 1684 358 1749 de
381 1684 442 1748 hac
465 1684 607 1749 tenebis
630 1683 802 1748 ostendunt
825 1707 903 1748 sane
919 1684 1167 1749 inconstantiam
1182 1685 1284 1748 maxi·

65 1810 166 1869 mam,
189 1786 247 1852 sed
270 1809 342 1851 eam
369 1785 542 1872 philologis
572 1785 702 1873 quidem
731 1766 824 1870 pree‘
837 1786 1042 1852 Ambrosiani
1072 1787 1233 1874 elegantia
1256 1797 1288 1852 et

62 1891 245 1956 constantia
267 1890 362 1976 longe
385 1888 642 1973 praeferendam.
687 1889 893 1954 correctionis
921 1913 998 1956 vero
1026 1890 1190 1968 metricae,
1219 1911 1283 1977 quo

62 1993 97 2057 in
120 2013 239 2079 genere
267 1991 309 2057 ad
332 2012 492 2055 summum
520 1990 669 2055 licentiae
702 1991 869 2077 fastigium
897 1992 1041 2057 escendit
1072 2002 1186 2057 auctor
1209 1993 1286 2058 Am-

62 2095 235 2162 brosianae
258 2093 460 2174 recensionis,
484 2092 517 2157 in
541 2093 580 2157 iis
603 2093 716 2157 saltem
739 2094 897 2178 partibus,
920 2118 1004 2181 quae
1027 2096 1059 2160 in
1088 2098 1122 2161 A
1135 2107 1285 2160 'aetatem

64 2199 208 2263 tulerunt
231 2236 268 2244 —
295 2196 335 2260 de
350 2195 482 2279 reliquis
497 2217 555 2259 cur
570 2195 649 2260 mihi
671 2196 834 2282 agendum
857 2220 919 2262 non
935 2199 1043 2276 fuerit,
1067 2208 1215 2284 apertum
1238 2210 1287 2262 est

61 2339 105 2351 -
127 2322 230 2388 paene
254 2299 377 2365 nullum
401 2321 462 2385 ego
484 2298 616 2383 quidem
640 2301 826 2387 exemplum
848 2302 997 2390 detegere
1022 2303 1120 2390 potui.

149 2403 245 2488 Quod
260 2401 335 2467 inde
353 2402 573 2489 colligendum
596 2425 666 2467 esse
681 2403 747 2469 iam
762 2426 861 2490 supra
883 2428 954 2470 meo
970 2406 1038 2471 iure
1054 2404 1134 2481 dixi,
1157 2403 1285 2470 codices

61 2508 230 2574 Palatinos
259 2528 299 2570 ex
327 2504 501 2590 integriore
535 2527 632 2591 quam
660 2504 915 2573 Ambrosianum
942 2508 1136 2594 archetypo,
1165 2506 1285 2594 quippe

62 2611 119 2698 qui
147 2610 233 2674 solus
262 2608 465 2692 antiquitatis
493 2606 687 2671 documenta
717 2608 867 2694 religiose
893 2610 1088 2687 servaverit,
1124 2607 1285 2674 derivatos

62 2733 148 2789 esse,
182 2733 246 2775 non
276 2710 381 2774 minus
409 2708 574 2772 evidenter
602 2707 830 2793 comprobasse
858 2711 936 2775 mihi
966 2711 1079 2777 videor
1106 2733 1145 2776 eo
1168 2710 1284 2798 capite,

62 2813 151 2900 quod
174 2823 223 2878 est
245 2812 286 2876 de
301 2809 487 2877 recensione
502 2810 725 2895 grammatica.
757 2834 832 2876 nam
854 2813 1042 2899 graviorum
1058 2815 1283 2892 mutationum,

60 2940 146 3002 quae
180 2930 265 2980 certe
291 2915 334 2978 ad
366 2914 454 2999 ipsos
482 2921 629 2978 auctores
660 2914 897 2994 recensionum,
932 2940 996 2982 nou
1025 2917 1068 2983 ad
1099 2918 1284 3003 posterioris

60 3020 178 3087 aetatis
192 3017 422 3106 grammaticos
440 3018 585 3095 redeunt,
608 3039 760 3083 numerus
784 3019 816 3082 in
832 3017 866 3082 A
886 3019 989 3085 multo
1011 3020 1209 3108 frequentior
1225 3033 1282 3096 est,

60 3146 159 3211 quam
181 3123 216 3185 in
238 3121 284 3206 P,
307 3143 418 3185 earum
441 3132 562 3199 autem,
592 3118 709 3209 quibus
731 3121 871 3187 rationes
893 3122 1023 3209 proprie
1050 3123 1284 3209 grammaticae

60 3248 173 3291 ansam
196 3223 344 3289 mutandi
367 3245 430 3287 non
454 3225 557 3291 solum
580 3222 766 3289 auctoribus
789 3226 1028 3307 recensionum,
1053 3225 1283 3293 verumetiam

39 3320 257 3414 *magistellis
280 3324 484 3412 librariisque
508 3325 584 3389 dare
607 3336 795 3410 potuerunt,
818 3326 845 3391 si
868 3325 901 3391 in
924 3327 953 3392 P
973 3327 1084 3413 paullo
1105 3326 1215 3413 plures
1239 3329 1284 3393 in-

59 3432 244 3506 veniuntur,
267 3427 309 3492 ad
331 3427 553 3492 recensionum
570 3426 745 3493 bonitatem
768 3450 848 3494 eave
872 3430 1007 3496 multum
1025 3430 1133 3496 valere
1156 3430 1281 3509 credas,

62 3514 138 3622 edm
165 3532 249 3594 inter
282 3527 447 3594 saeculum
471 3527 502 3593 V
526 3539 558 3593 et
579 3527 637 3592 XI
665 3540 790 3616 partem
820 3541 905 3595 certe
933 3553 1045 3598 earum
1079 3534 1190 3598 natam
1212 3554 1283 3599 esse

60 3645 313 3698 consentaneum
341 3631 393 3697 sit.
430 3631 526 3716 longe
556 3643 663 3698 autem
690 3633 824 3718 gravius
856 3645 913 3717 est,
949 3635 1037 3723 quod
1065 3634 1283 3721 disputatione

59 3735 101 3800 de
116 3736 212 3821 Elpid.
232 3733 304 3799 620.
327 3735 396 3801 Mil.
411 3736 486 3820 plor.
505 3733 597 3803 1180.
618 3735 703 3799 Troo.
722 3735 793 3803 271¹.
810 3738 878 3802 Mu
896 3740 972 3824 plor.
991 3738 1034 3803 24
1048 3740 1102 3825 (cf.
1115 3762 1146 3825 p.
1158 3738 1281 3825 20sqq.

61 3838 123 3903 118
139 3838 201 3924 sq.)
223 3838 365 3904 evictum
387 3850 444 3917 est,
461 3834 714 3903 Ambrosianum
737 3839 886 3905 omnibus
908 3839 971 3904 illis
993 3839 1082 3917 locis,
1105 3838 1223 3925 quibus
1241 3837 1283 3904 ad

60 3939 218 4008 Varronis
241 3952 273 4005 et
290 3938 384 4006 Verri
406 3939 518 4004 Flacci
540 3949 687 4026 tempora
709 3940 912 4007 diversitates
935 3943 1114 4029 scripturae
1136 3941 1282 4019 redeunt,

58 4043 286 4129 gravissimam
301 4041 471 4107 ostendere
486 4044 746 4108 retractationem
762 4055 944 4130 susceptam
960 4067 1025 4110 non
1041 4045 1111 4109 sine
1128 4042 1284 4122 doctrina,

59 4168 136 4211 cum
150 4145 179 4210 P
197 4168 307 4210 veram
324 4144 443 4230 ubique
460 4144 653 4230 scripturam
669 4147 730 4212 etsi
746 4157 894 4232 exparte
910 4147 1013 4231 (velut
1027 4148 1097 4213 Met
1110 4147 1187 4232 qen.
1201 4146 1285 4213 1180

64 4249 248 4336 ecfafilloto)
277 4258 362 4314 certe
385 4269 448 4312 non
477 4247 687 4326 intellectam,
716 4249 816 4316 nihilo
844 4252 951 4314 minus
981 4270 1054 4315 cum
1084 4249 1146 4314 fide
1170 4272 1283 4338 propa·

61 4362 174 4438 garam
202 4351 388 4437 praebeant.
416 4350 490 4415 vide
515 4362 636 4437 quanto
657 4352 790 4437 propius
813 4351 855 4417 ad
879 4351 1139 4436 antiquissimum
1161 4350 1283 4417 fabula-

59 4477 132 4518 rum
148 4452 372 4518 Plautinarum
389 4452 564 4538 exemplar,
582 4453 615 4517 in
633 4476 697 4538 quo
713 4456 815 4519 omnis
833 4454 941 4519 Plauti
959 4453 1050 4518 crisis
1073 4452 1205 4518 condita
1225 4462 1284 4530 est,

61 4556 218 4623 accedant
241 4556 391 4636 Palatini,
415 4579 515 4642 quam
535 4555 782 4627 Ambrosianus.
811 4557 899 4644 quod
922 4565 1096 4645 antequam
1118 4555 1284 4644 cognitum
