3120 5138
653 302 854 400 Α..

145 508 360 592 antiquiorem
376 517 445 572 tum
461 505 667 592 integriorem
684 503 871 569 memoriam
887 511 1139 587 repraesentent,
1155 499 1242 584 quod
1257 513 1369 567 eontra

143 620 256 676 auctor
271 607 467 674 recensionis
482 606 719 673 Ambrosianus
736 607 845 672 dedita
861 629 959 691 opera
976 605 1104 671 fabulas
1119 605 1197 672 satis
1212 606 1368 671 audacter

142 711 410 797 retractaverit.¹)
458 732 541 795 quae
577 709 603 774 si
639 709 812 775 contuleris
845 731 919 776 cum
952 708 1007 773 illo
1039 707 1208 773 Ritschelii
1236 707 1367 787 iudicio,

142 813 341 880 concesseris
365 833 407 878 ex
437 812 552 878 borum
580 811 709 876 testium
739 832 897 876 consensu
926 810 1023 876 etiam
1051 811 1114 887 rei,
1137 808 1178 874 de
1206 832 1272 894 qua
1294 832 1365 876 cou-

143 916 301 994 sentiunt,
338 937 403 982 non
431 915 626 980 mediocrem
655 934 840 979 accrescere
863 913 1142 1000 probabilitatem,
1178 913 1368 999 praesertim

146 1040 222 1086 cum
260 1018 394 1084 accedat
423 1018 536 1083 tertius
565 1017 797 1082 Fleckeisenns
827 1015 863 1081 in
894 996 1053 1081 oriolium
1079 1036 1210 1080 suorum
1232 1015 1296 1082 vol.
1320 1015 1366 1085 01

145 1143 175 1206 p.
199 1121 260 1187 711
286 1120 420 1186 eandem
444 1119 634 1184 sententiam
657 1119 830 1204 professus.

226 1221 379 1310 Plerique
407 1221 440 1286 in
469 1236 655 1287 transcursu
684 1231 810 1286 tantum
832 1221 920 1286 huno
942 1218 1121 1285 studiorum
1143 1217 1368 1284 Plautiuorum

143 1325 248 1401 locum
276 1326 453 1412 tetigerunt
480 1336 512 1391 et
538 1324 571 1389 in
601 1326 696 1391 unius
724 1324 896 1390 alteriusve
920 1345 1033 1388 versus
1055 1320 1278 1387 emendatione
1300 1344 1368 1387 ver·
1439 1354 1443 1360 ·

144 1440 263 1505 santes,
286 1428 391 1494 sicubi
413 1427 525 1493 autin
547 1429 580 1492 A
603 1427 713 1492 autin
735 1427 765 1493 P
788 1426 976 1492 arbitrariae
1000 1424 1207 1489 correctionis
1231 1424 1368 1512 vestigia

143 1530 305 1595 detexisse
328 1529 389 1595 sibi
412 1529 473 1594 visi
496 1541 580 1610 sunt,
605 1529 644 1592 de
667 1529 816 1594 universa
833 1527 1021 1614 quaestione
1036 1527 1279 1594 iudicaverunt:
1303 1550 1369 1615 qua

144 1633 199 1698 via
221 1645 256 1698 ut
279 1632 321 1698 ad
343 1631 503 1721 liquidum
522 1654 574 1697 ree
596 1631 779 1696 adducatur
800 1632 869 1697 fieri
892 1631 948 1696 vix
970 1641 1085 1718 potest.

227 1736 345 1825 Itaque
368 1736 510 1802 cautiore
532 1736 594 1801 hac
615 1735 648 1798 iu
671 1758 705 1799 re
727 1734 847 1801 iudicio
870 1758 947 1801 usus
963 1747 1011 1799 est
1025 1732 1209 1802 Guilelmus
1226 1732 1368 1799 Stude-

144 1838 278 1916 mund,
302 1839 350 1902 vir
373 1861 436 1904 non
460 1862 522 1904 uno
545 1839 672 1905 nomine
698 1839 737 1904 de
761 1839 878 1905 Plauto
901 1839 1021 1926 optime
1044 1836 1192 1914 meritns;
1215 1836 1367 1922 quicum

143 1940 221 2006 alibi
238 1951 306 2007 tum
322 1942 355 2006 in
378 1943 645 2020 commentatione
666 1942 706 2007 de
724 1942 914 2007 Trinummo
930 1943 1031 2006 Musei
1045 1941 1187 2004 liberiani
1203 1939 1264 2007 vol
1280 1939 1369 2005 XXI

143 2043 265 2109 inserta
290 2055 322 2108 et
336 2042 482 2108 crebram
504 2044 538 2109 in
559 2044 750 2110 Trinummo
773 2045 1003 2111 correctionem
1026 2043 1146 2107 factam
1170 2063 1240 2107 esse
1263 2064 1368 2108 exem-

145 2148 208 2234 plis
241 2147 473 2214 demonstravit
506 2161 537 2212 et
570 2146 611 2213 de
644 2147 881 2230 recensionum,
923 2167 1004 2234 quas
1037 2144 1106 2231 ipse
1139 2141 1299 2209 subtiliter
1336 2156 1367 2211 et

103 2246 108 2253 ’
144 2261 328 2316 constanter
350 2249 505 2332 distinuit,
530 2249 718 2315 condicione
733 2248 870 2314 iudicari
893 2270 958 2314 uon
974 2269 1069 2337 posse
1084 2269 1125 2313 ex
1141 2247 1367 2313 nonnullorum

142 2351 287 2418 locorum
316 2352 542 2439 pensitatione,
579 2352 678 2417 immo
705 2351 853 2418 omnibus
879 2351 1009 2417 demum
1039 2350 1118 2415 locis
1149 2351 1309 2437 congestis
1337 2361 1369 2417 et

144 2455 228 2520 inter
256 2478 290 2520 se
320 2467 475 2538 quantum
499 2454 568 2520 fieri
592 2467 697 2541 potest
719 2455 914 2541 comparatis
935 2453 1155 2540 integritatem
1178 2464 1210 2518 et
1232 2453 1368 2520 auctori·

143 2568 244 2623 tatem
269 2558 436 2644 utriusque
463 2558 658 2623 recensionis
687 2558 733 2623 ita
760 2557 923 2623 aestimari
951 2578 1045 2645 posse
1072 2567 1108 2621 ut
1136 2555 1214 2621 artis
1237 2555 1367 2622 criticae

142 2660 177 2726 in
199 2658 315 2726 Plauto
347 2659 544 2725 factitandae
577 2671 684 2725 certae
712 2660 801 2746 leges
828 2660 903 2725 inde
929 2669 1138 2748 apparerent,
1166 2659 1285 2746 optime
1314 2681 1367 2724 ex-

144 2762 261 2849 posuit.
311 2762 398 2850 quod
431 2761 534 2828 donec
567 2763 688 2828 factum
718 2776 801 2828 esset
833 2763 875 2828 de
907 2762 1043 2848 siugulis
1071 2761 1150 2826 locis
1181 2746 1367 2826 cautissim'e

144 2865 353 2933 iudicandum
381 2888 451 2933 esse
472 2864 715 2933 Studemundus
743 2865 891 2953 exemplo
920 2886 978 2932 suo
1002 2864 1128 2942 docuit,
1159 2884 1232 2928 cum
1260 2885 1367 2929 recen-

222 3074 244 3138 ι)
256 3071 382 3141 Beitrdpe
393 3089 440 3125 aar
452 3071 619 3125 lotaaisetcn
630 3069 796 3124 Grammatik
807 3086 834 3138 p.
844 3069 907 3123 123:
920 3068 983 3135 ‚Die
992 3067 1252 3137 verh'dltnismiissig
1261 3067 1368 3138 juugen

145 3156 257 3211 Pfdlzer
273 3156 497 3210 Handscbril'ten
512 3154 720 3224 reprisentiren
743 3155 787 3208 die
805 3154 892 3208 liltore
903 3153 1069 3220 Recension,
1086 3153 1219 3208 withrend
1236 3153 1286 3206 der
1303 3153 1369 3207 weit

144 3241 232 3296 bbher
262 3241 511 3296 hinaufreichcude
542 3237 697 3293 Mailtnder
722 3237 891 3306 Palimpsest
921 3237 983 3294 eine
1009 3241 1118 3308 spiitere
1142 3237 1278 3292 Revision
1306 3236 1368 3290 dar·

143 3325 240 3380 bietet.
274 3324 334 3380 Der
352 3325 379 3380 A
396 3325 435 3379 ist
451 3324 594 3378 natiirlioh
616 3323 670 3377 frei
687 3341 742 3378 von
767 3323 821 3376 den
844 3322 983 3375 zabllosen
1001 3321 1238 3387 Verderbnisseu‚
1263 3321 1368 3376 welche

144 3411 198 3464 den
215 3410 288 3464 Text
305 3411 355 3464 der
371 3409 395 3464 P
413 3410 573 3475 entstellen;
599 3427 630 3463 er
646 3409 737 3463 bietet
759 3407 838 3461 nicht
862 3407 951 3460 relten
973 3407 1058 3461 allein
1075 3407 1164 3460 Hiilse
1181 3408 1231 3460 dar
1232 3447 1366 3472 ......

143 3494 210 3550 aber
224 3494 524 3565 nicbtsdestoweniger
539 3512 613 3548 muss
631 3485 677 3548 ich
694 3493 848 3557 bekennen,
867 3491 937 3557 dass,
954 3491 984 3559 je
995 3491 1093 3560 linger
1111 3491 1157 3545 ich
1169 3492 1245 3545 mich
1253 3492 1306 3545 mit
1318 3491 1368 3546 der

141 3579 241 3635 Kritilr
258 3581 306 3636 des
329 3580 447 3635 Plautus
469 3580 642 3650 beschliftige
664 3579 722 3633 und
741 3579 770 3648 js
793 3577 873 3632 mehr
894 3592 992 3630 unsere
1014 3575 1157 3630 Kenutnis
1183 3577 1231 3630 des
1257 3578 1285 3631 A
1304 3577 1363 3631 sich

143 3664 292 3731 erveitert,
310 3703 317 3716 .
336 3704 343 3718 .
361 3705 367 3718 .
386 3664 465 3719 desto
491 3664 580 3719 hiiher
605 3664 680 3718 mein
706 3663 830 3732 Respect
847 3679 898 3715 vor
925 3661 979 3717 den
1005 3659 1116 3714 Psalzer
1142 3660 1366 3715 Handscbrifteu

143 3750 243 3820 steigt3
262 3750 337 3805 deun
352 3768 416 3804 man
429 3749 502 3803 sieht
515 3749 648 3814 deutlich,
667 3749 720 3803 wie
738 3748 778 3802 sie
797 3748 837 3801 im
849 3747 963 3802 Ganzen
975 3749 1072 3815 getreu
1093 3746 1138 3800 die
1150 3730 1367 3815 iiberlieferung

142 3833 268 3900 wahren,
287 3835 420 3889 w'n'hrend
437 3851 488 3887 uns
506 3835 545 3887 im
562 3834 589 3887 A
604 3832 712 3887 iiberall
730 3832 776 3886 die
793 3831 931 3886 bewusste
948 3829 1112 3899 Th'atigkeit
1129 3830 1204 3884 eines
1223 3824 1367 3884 Kritilrers

142 3920 355 3990 entgegentritt,
373 3920 423 3974 der
440 3919 519 3973 nicht
537 3919 628 3974 selten
650 3918 715 3972 sehr
740 3918 795 3972 lrei
817 3917 876 3970 und
898 3916 1067 3970 willktlrlich
1092 3915 1225 3979 verfahrt,
1248 3931 1315 3984 mag
1336 3931 1367 3969 er

142 4022 200 4058 nun
225 4005 296 4059 uach
311 4005 434 4074 'eigener
459 4004 659 4073 Vermutbung
685 4003 730 4058 die
756 4002 856 4058 Worte
883 4001 932 4056 des
957 4000 1090 4055 Dichters
1116 3999 1270 4065 abindern‚
1300 3999 1367 4053 oder

142 4089 248 4145 ilteren
273 4089 392 4159 Quellen
421 4090 524 4159 folgen,
554 4089 600 4143 die
628 4088 723 4143 seinen
752 4087 907 4141 kritischsn
928 4085 1093 4155 Principien
1118 4085 1198 4139 mehr
1224 4087 1364 4154 zusagten,

143 4193 224 4230 wenn
242 4175 283 4229 sie
300 4174 370 4229 auch
388 4174 498 4228 minder
515 4173 679 4228 verliisslich
697 4176 806 4227 waren!
841 4171 910 4226 haec
927 4171 976 4225 ills
994 4187 1057 4224 cum
1077 4170 1233 4225 Ritschelio
1252 4185 1367 4222 cousen-

142 4261 229 4328 tieus3
248 4259 322 4328 quod
340 4275 406 4313 vero
423 4257 525 4328 pergit,
543 4274 604 4312 eam
620 4257 814 4312 recensionum
831 4256 1025 4311 diversitatem
1038 4259 1151 4325 praeter
1170 4255 1226 4309 alia
1237 4254 1366 4322 inprimis

143 4361 175 4399 eo
204 4344 382 4398 manifestam
403 4342 479 4408 fieri,
505 4343 581 4410 quod
602 4343 696 4396 hiatus
727 4343 757 4395 in
787 4341 811 4396 P
837 4343 1000 4411 plerumque
1025 4341 1166 4410 patienter
1190 4341 1367 4406 toleraretur,

143 4430 178 4484 ab
197 4425 380 4485 Ambrosiani
398 4433 554 4483 correctore
572 4428 607 4481 ad
624 4427 771 4482 severioris
789 4428 857 4481 artis
874 4428 950 4497 leges
962 4427 1129 4495 exigeretur,
1146 4424 1176 4478 id
1188 4424 1262 4478 dixit
1279 4424 1366 4480 nimio

143 4514 236 4570 hiatus
246 4513 397 4570 excusandi
406 4512 499 4567 studio
505 4512 613 4578 ductus,
623 4512 697 4582 quod
711 4527 761 4565 suo
770 4511 830 4566 iure
845 4511 978 4567 acerrime
993 4509 1169 4583 impugnavit
1185 4507 1366 4566 Ritschelius.
