3120 5138
573 318 774 418 ..2²-

60 535 174 590 ouerat
185 522 332 609 aliquam
338 525 496 588 zamiam‘.
505 525 618 588 Bacch.
626 524 689 589 957
700 546 747 609 sq.
756 523 971 602 ,namdudum
983 534 1019 588 ut
1029 524 1133 609 primo
1142 523 1289 588 dixeram

60 640 171 694 nostro
194 627 261 693 seni
285 627 498 708 mendacium,
518 627 561 693 ibi
584 627 714 714 signum
737 649 777 691 ex
800 649 874 692 arce
895 627 959 691 iam
977 626 1116 691 abstulit
1145 627 1209 693 960
1224 626 1291 704 ,ubi

59 730 198 796 tabellas
208 730 311 806 tetuli,
320 730 366 796 ibi
372 730 476 796 occidi
483 729 651 814 Troilum‘3
660 731 699 798 cf.
706 729 779 795 961.
793 731 866 794 Aul.
876 729 939 794 526
948 729 1025 807 ‚Ubi
1033 729 1233 816 nugigerulis
1239 752 1290 795 res

58 832 197 899 solutast
217 832 376 911 omnibus,
399 832 444 897 ibi
466 832 507 897 ad
522 843 721 918 postremum
744 832 830 897 cedit
850 832 964 897 miles‘.
1008 833 1123 897 Bacch.
1145 832 1187 896 36
1211 831 1289 911 ,Ubi

58 959 110 1001 me
134 937 237 1022 fugiet
260 937 423 1013 memoria,
439 935 485 1001 ibi
500 947 536 1000 tu
549 936 647 1001 facito
670 948 705 1001 ut
728 934 925 1002 subvenias‘.
969 937 1053 1001 Pera.
1077 935 1142 1000 304
1164 933 1231 1014 ,ubi
1255 957 1289 1000 se

57 1038 200 1116 adlevat,
216 1038 260 1103 ibi
276 1059 328 1102 me
343 1039 492 1103 adlevat‘.
537 1040 649 1103 Paatd.
666 1038 731 1104 840
771 1036 849 1109 ,Ubi
872 1037 976 1102 omnis
999 1037 1129 1125 patinae
1152 1039 1288 1121 servent,

57 1141 164 1205 omnis
182 1141 307 1229 aperio:
331 1140 375 1206 ibi
391 1141 491 1206 odos.
510 1190 518 1205 .
540 1141 574 1205 in
595 1142 719 1208 caelum
737 1140 844 1207 volat‘.
882 1142 995 1228 Amph.
1014 1141 1078 1206 250
1101 1140 1290 1219 ,Penetrant
1354 1200 1357 1207 .

57 1267 92 1308 se
115 1244 149 1307 in
170 1245 296 1330 fugam:
320 1244 365 1308 ibi
381 1244 498 1309 nostris
514 1244 640 1310 animus
663 1244 828 1311 additust‘.
874 1246 970 1330 Epio.
993 1244 1058 1308 240
1082 1243 1137 1326 ,ibi
1159 1243 1288 1308 illarum

57 1344 162 1409 altera
176 1344 280 1421 dixit‘‚
303 1344 366 1409 245
382 1344 436 1423 ,ibi
456 1346 512 1410 illa
527 1348 671 1412 nominat
687 1346 959 1433 Stratippoclem,
972 1345 1036 1411 250
1051 1345 1107 1423 ‚ibi
1122 1346 1179 1411 illa
1194 1346 1289 1411 inter·

56 1447 213 1534 rogavit‘3
235 1449 276 1512 of.
296 1446 381 1513 Gora
400 1448 473 1514 340.
517 1451 629 1536 Amph.
648 1449 732 1514 1068
748 1449 872 1527 ‚ardere
889 1452 999 1513 censui
1016 1449 1128 1514 aedes:
1152 1449 1196 1513 ita
1218 1459 1288 1513 tum

57 1548 300 1635 confulgebant.
344 1550 391 1614 ibi
406 1574 457 1616 me
480 1552 633 1617 inclamat
655 1553 860 1619 Alcumena‘.
906 1553 1018 1639 Amph.
1043 1551 1128 1617 1094
1150 1552 1289 1629 ,invocat

58 1653 138 1716 deos
166 1652 361 1731 inmortalis,
390 1665 426 1718 ut
447 1653 508 1718 sibi
532 1654 691 1720 auxilium
713 1657 820 1720 ferant
836 1703 868 1719 ..
892 1655 936 1720 ibi
960 1655 1112 1720 continuo
1136 1665 1289 1720 contonat

59 1755 171 1820 sonitu
192 1766 367 1821 maxumo‘.
403 1757 551 1823 hocloco
573 1780 652 1823 cave
668 1759 766 1823 aliam
788 1769 886 1845 atque
903 1757 1111 1842 temporalem
1126 1759 1289 1822 notionem

59 1857 197 1922 voculae
224 1860 269 1923 toi
296 1858 433 1938 tribuas3
467 1860 629 1947 significat
657 1858 742 1926 enim
764 1856 917 1945 praesens
945 1859 997 1924 dei
1028 1859 1191 1924 auxilium
1214 1858 1287 1925 sub·

59 1970 210 2025 secutum
233 1983 303 2026 esse
318 1962 570 2027 invocationem:
593 1964 649 2040 ,sie
673 1962 738 2026 rust
761 1961 812 2026 die
836 1961 1074 2027 unsterblichen
1091 1961 1207 2029 Giitter
1229 1983 1285 2026 an:

58 2062 168 2149 gleich
188 2062 340 2131 .donnert
372 2087 406 2129 es
440 2064 523 2129 auch
558 2064 731 2151 gewaltig‘.
740 2065 768 2151 ¹)
823 2066 932 2152 itaque
955 2064 1055 2130 verba
1083 2065 1128 2129 ibi
1147 2068 1287 2129 corsiaco

59 2165 234 2230 coniuncta
260 2187 359 2230 unam
382 2166 544 2231 notionem
572 2167 780 2253 temporalem
811 2167 954 2231 efficiunt
983 2189 1046 2232 non
1076 2168 1169 2232 aliter
1191 2180 1288 2252 atque

59 2270 169 2332 corinda
189 2270 258 2333 ilico
283 2268 368 2335 Oura
392 2268 465 2334 363.
520 2292 620 2333 unum
644 2270 829 2355 exemplum
859 2270 1031 2358 diligenter
1061 2292 1220 2355 quaerens
1243 2271 1288 2335 in·

59 2371 146 2449 veni,
170 2372 256 2459 quod
280 2372 314 2436 in
342 2372 539 2438 contrariam
565 2383 688 2459 partem
712 2373 820 2437 valere
851 2373 992 2437 videtur:
1023 2373 1107 2440 Coro.
1130 2373 1193 2439 648
1216 2395 1288 2459 ,ego

59 2474 269 2560 pertimesco:
302 2474 347 2539 ibi
372 2475 449 2566 [me]
478 2475 587 2541 nescio
612 2476 685 2564 quis
707 2475 820 2560 arripit
850 2476 1005 2539 timidam‘
1029 2499 1056 2540 e.
1080 2499 1111 2561 q.
1135 2476 1197 2563 aff)
1231 2475 1288 2541 sed

60 2599 134 2642 oum
157 2578 202 2641 ibi
222 2578 320 2642 etiarn
343 2579 544 2644 antecedenti
562 2600 658 2643 versu
673 2578 810 2662 legatur,
834 2577 914 2642 nihil
930 2578 993 2642 uisi
1015 2579 1192 2644 orationem
1215 2601 1288 2643 con-

59 2677 166 2743 tinuat
181 2679 293 2744 eodem
309 2678 415 2757 modo,
432 2702 496 2768 quo
512 2681 608 2767 Epio.
626 2679 698 2747 240.
714 2681 787 2744 245.
805 2681 878 2745 250.
920 2691 953 2745 at
969 2681 1054 2759 vide,
1070 2693 1229 2765 quantum
1244 2681 1287 2746 ad

58 2781 283 2848 Palatinorum
306 2782 500 2869 scripturam
523 2783 776 2848 confirmandam
798 2784 928 2848 valeant
949 2794 1075 2868 septem
1089 2784 1284 2869 gravissima

59 2884 255 2963 testimonia,
291 2907 429 2970 quorum
460 2885 523 2950 tria
557 2886 620 2949 iam
655 2908 675 2949 a
708 2885 865 2950 Iorenzio
899 2886 1055 2950 citantur:
1090 2888 1178 2952 Most.
1204 2886 1288 2952 1050

59 3008 169 3071 ,quom
184 3008 259 3052 eum
271 2987 449 3073 (senatum)
462 2987 648 3064 convocavi,
662 2998 759 3071 atque
774 2987 820 3051 illi
836 3009 888 3052 me
904 3009 944 3051 ex
963 2999 1075 3052 senatu
1093 2998 1287 3074 segregant‘.

59 3090 174 3154 Bocclr.
197 3090 261 3155 278
285 3112 332 3177 sq.
359 3092 452 3173 ,forte
474 3100 511 3155 ut
538 3089 650 3155 adsedi
672 3090 707 3153 in
729 3099 836 3175 stega,
859 3090 938 3154 dum
960 3090 1195 3176 circumspecto
1224 3111 1285 3167 me,

59 3203 157 3280 atque
173 3213 234 3278 ego
255 3191 398 3257 lembum
419 3192 608 3281 conspicor‘.
640 3192 736 3277 Epid.
754 3192 818 3255 217
843 3213 952 3274 ‚quom
968 3190 1010 3255 ad
1033 3201 1163 3276 portum
1179 3191 1285 3269 venio,

58 3305 157 3379 atque
180 3317 240 3382 ego
257 3295 347 3360 illam
370 3295 416 3360 illi
439 3295 533 3361 video
556 3291 807 3380 praestolarier‘.
843 3315 944 3357 unum
967 3292 1096 3357 addidit
1110 3291 1284 3378 Ussingius

59 3396 113 3482 (II
135 3396 229 3484 396):
252 3399 346 3463 Poea.
362 3397 427 3464 650
441 3398 578 3481 ,dudum
593 3416 688 3462 mane
711 3404 747 3459 ut
770 3395 812 3458 ad
836 3407 964 3480 portum
987 3395 1212 3481 processimus,
1237 3408 1282 3462 at·

58 3521 122 3587 que
138 3499 236 3564 istum
256 3522 273 3564 e
292 3501 368 3564 navi
385 3511 557 3565 exeuntem
575 3497 723 3564 oneraria
747 3497 914 3564 videmus.‘
945 3512 1112 3584 praeterea
1128 3498 1284 3565 afferendi

57 3612 135 3667 sunt
156 3603 225 3666 Mil.
247 3603 325 3687 plor.
349 3602 412 3667 288
435 3603 527 3678 ,sorte
549 3603 680 3667 fortuna
703 3624 761 3687 per
788 3603 971 3689 inpluvium
1001 3602 1066 3667 huc
1095 3603 1229 3688 despexi
1251 3604 1284 3667 in

57 3725 269 3789 proxumum:
286 3715 384 3788 atqua
400 3725 461 3789 ego
472 3703 518 3767 illi
532 3704 654 3789 aspicio
666 3703 865 3769 osculantem
876 3703 1160 3783 Philocomasium,
1174 3727 1202 3773 e.
1214 3728 1245 3790 q.
1258 3727 1283 3769 s.

57 3806 148 3871 Most.
171 3804 235 3871 488
256 3805 394 3884 ,abimus
412 3828 523 3872 omnes
541 3808 701 3884 cubitum
724 3808 889 3874 lucernam
913 3807 993 3871 forte
1017 3806 1137 3872 oblitus
1158 3808 1283 3872 fueram

57 3907 263 3993 extinguere:
286 3920 383 3994 atque
399 3909 453 3975 ille
469 3910 631 3975 exclamat
646 3910 820 3996 derepente
837 3914 1045 3978 maxumum‘.
1069 3911 1183 3997 Amph.
1201 3910 1285 3975 1070

56 4103 260 4113 ----,..

127 4211 146 4297 ¹l
166 4231 299 4287 Goetzins
320 4236 349 4287 et
365 4234 495 4288 Laevius
513 4235 567 4289 hoc
588 4234 651 4288 loco
669 4233 843 4303 scripserunt
867 4243 920 4287 tam
943 4234 980 4287 iti
997 4233 1164 4288 Muellerum
1182 4233 1279 4298 secuti,

55 4317 106 4388 qni
127 4321 244 4387 propter
269 4319 344 4373 Caro.
362 4319 414 4374 648
437 4329 490 4372 tom
512 4319 634 4386 addidit3
661 4319 692 4372 in
716 4318 893 4373 Curculionis
918 4320 1012 4372 autem
1038 4335 1122 4372 versu
1150 4316 1282 4372 Goetzius

56 4402 132 4457 illud
150 4411 209 4466 tam,
230 4402 306 4471 quod
324 4402 367 4456 illi
385 4403 562 4457 coniecturae
579 4402 720 4472 praesidio
738 4402 907 4469 esse-debet,
926 4402 1039 4458 exulare
1056 4401 1146 4457 iussit.

142 4538 165 4605 ²)
183 4536 231 4591 Sic
249 4536 397 4605 Gostzius3
418 4536 498 4592 codd.
516 4547 569 4591 tam
586 4537 624 4590 itt
640 4539 735 4593 macto.
