3120 5138
752 281 793 344 86

165 487 205 552 de
234 485 396 552 industria
424 486 541 550 omisso
564 486 616 551 illo
639 487 794 562 coniecit,
820 484 1058 549 intolerandum
1081 492 1252 547 accentum
1275 493 1390 570 poetae

166 590 321 656 tribuens.
347 589 403 652 sed
426 610 548 666 versus,
565 611 661 672 quem
684 590 846 653 communi
869 589 1039 674 utriusque
1061 586 1257 651 recensionis
1281 587 1390 651 arche·

165 705 243 778 typo
263 691 472 768 restituimus,
500 715 539 755 ne
560 692 629 778 ipse
653 691 783 778 quidem
810 714 829 754 a
852 690 966 754 Plauto
994 689 1157 775 profectus
1180 700 1240 756 est.
1272 689 1390 753 etenim

165 803 326 860 structura
358 794 482 870 ,melius
510 805 609 870 esset,
642 794 701 857 si.
726 793 1001 875 r.elinqueres‘
1035 800 1102 855 tam
1131 789 1171 855 ab
1200 791 1298 857 huius
1327 791 1391 855 loci

167 907 238 962 sent
240 897 325 961 entra
348 896 596 983 (cMuellerus
617 898 703 961 Pron.
720 897 824 960 Ploat.
839 918 871 981 p
887 895 965 982 251)
989 917 1088 978 quam
1110 916 1131 958 a
1152 893 1389 958 consuetudine

164 998 283 1076 Plauti,
306 997 363 1083 qui
386 997 517 1061 nihil
488 999 557 1061 nrsi
566 998 768 1074 ,meliust-
789 998 979 1082 relinquere‘
1004 997 1144 1062 scribere
1168 1006 1308 1082 poterat,
1334 995 1388 1061 ab·

166 1102 284 1168 horret.
302 1123 386 1185 quae
414 1122 488 1165 cum
503 1101 591 1165 facili
607 1122 704 1188 opera
727 1123 790 1165 non
806 1089 1022 1183 removeatur,
1048 1121 1100 1163 ars
1117 1098 1284 1163 nesciendi
1301 1121 1393 1165 exer-

167 1204 271 1272 cenda
293 1205 362 1268 erit.

251 1324 388 1411 Egimus
418 1345 517 1408 supra
545 1345 620 1411 pag.
643 1325 685 1390 46
708 1346 755 1407 sq.
785 1322 826 1387 de
855 1323 1017 1388 nonnullis
1039 1322 1136 1400 loeis,
1159 1320 1277 1406 quibus
1299 1322 1335 1385 in
1358 1322 1393 1387 A

167 1450 187 1492 a
210 1438 389 1492 correctore
416 1447 573 1511 personae
602 1425 693 1490 verbi
721 1426 853 1491 licenter
882 1434 1025 1490 mutatae
1048 1435 1136 1508 sunt:
1172 1423 1285 1508 quales
1307 1446 1393 1488 nea

165 1531 195 1596 P
217 1529 348 1618 quidem
370 1528 501 1607 absunt,
531 1531 589 1594 sed
617 1551 718 1616 paene
739 1529 849 1615 pusilli
871 1540 944 1592 sunt
968 1550 1097 1604 omnes,
1126 1536 1163 1591 ut
1185 1537 1243 1591 aut
1264 1526 1394 1592 levibus

167 1633 329 1699 erroribus
355 1631 548 1710 debeantur,
578 1643 634 1697 aut
661 1656 680 1695 a
708 1632 919 1719 grammatico
950 1631 1028 1694 satis
1060 1629 1159 1694 stulto
1187 1630 1294 1693 factae
1317 1630 1394 1707 sint,

167 1735 321 1820 quoniam
342 1735 408 1798 fere
430 1732 550 1817 ubique
571 1756 612 1797 ne
635 1744 702 1799 tum
725 1734 874 1819 quidem,
903 1757 977 1798 cum
1007 1732 1107 1797 altero
1129 1733 1221 1796 fonte
1243 1731 1293 1796 uti
1315 1754 1395 1796 non-

168 1838 246 1905 dum
268 1837 388 1915 liceret,
410 1839 479 1901 eius
502 1836 638 1901 offucias
661 1860 857 1922 quemquam
879 1837 1086 1922 deceperunt.

256 1958 337 2021 Trio.
352 1956 577 2042 552Acidalii
594 1957 776 2022 coniectura
798 1959 890 2042 ,istoc
906 1955 1034 2022 detrudi
1057 1955 1218 2020 maleficos
1237 1954 1394 2041 Aequom

167 2060 312 2136 videtur,
340 2059 397 2143 qui
431 2059 561 2145 quidem
591 2060 683 2123 istius
712 2059 754 2123 sit
782 2061 880 2125 modi‘
903 2058 1119 2124 Ambrosiano
1142 2057 1395 2142 comprobatur3

168 2161 289 2239 siatP3
313 2161 426 2226 similis
449 2170 497 2225 est
524 2162 604 2224 fllia
629 2161 700 2226 801.

252 2281 322 2345 Mil.
345 2282 420 2366 plor.
443 2280 485 2344 66
518 2279 564 2343 A:
593 2280 698 2362 ,Itane
733 2281 865 2346 aiebant
892 2281 1049 2357 tandem‘3
1082 2280 1126 2345 P:
1157 2278 1262 2358 ,Itane
1284 2279 1399 2406 aiebat

169 2384 310 2448 tandem‘
332 2392 463 2470 propter
486 2406 516 2445 v.
539 2382 581 2446 62
604 2406 651 2467 sq.
675 2383 730 2461 ,ibi
752 2384 881 2449 illarum
904 2385 1004 2448 altera
1026 2383 1152 2468 inquit‘.

253 2504 323 2568 Mil.
346 2501 507 2588 9151382
529 2503 578 2567 A:
602 2501 699 2587 ,Quid
716 2504 882 2568 somniasti
889 2504 933 2591 111
950 2504 1096 2586 eloquar:
1120 2502 1177 2566 sed
1195 2500 1314 2566 amabo
1339 2501 1395 2566 ad-

170 2608 286 2672 vortite
309 2607 474 2671 animum‘.
498 2608 645 2670 advortite
667 2606 714 2671 Ba
736 2606 806 2673 OD.
829 2610 960 2671 advortit
981 2606 1043 2673 B¹.
1066 2616 1238 2691 utrumque
1262 2603 1398 2668 defendi

172 2719 279 2794 potest
302 2719 334 2773 et
356 2709 492 2772 fortasse
515 2707 683 2775 diversitas
706 2733 746 2775 ex
770 2711 918 2775 scaenica
940 2709 1126 2774 recensione
1149 2720 1224 2772 nata
1246 2718 1302 2771 est.

259 2829 339 2892 Trio.
365 2828 448 2894 1050
468 2829 516 2893 A:
542 2829 587 2904 ‚Si
610 2830 686 2917 quoi
708 2845 853 2894 mutuom
876 2828 954 2912 quid
977 2829 1114 2904 dederis,
1135 2829 1170 2892 fit
1185 2850 1245 2913 pro
1261 2828 1398 2914 proprio

169 2933 341 3021 perditum‘
348 2958 357 3011 3
380 2935 497 2997 dederit
517 2932 546 2997 P
564 2953 670 2996 errore
685 2932 821 2996 fortasse
844 2941 976 3017 propter
997 2932 1170 3014 insequens
1191 2933 1236 3013 fit.

253 3037 320 3100 Mil.
344 3037 419 3201 915.
441 3034 484 3098 49
506 3034 670 3111 ,memoria
694 3056 727 3098 es
750 3042 894 3120 optuma‘
909 3035 939 3096 A
946 3057 955 3110 3
978 3044 1019 3096 eat
1041 3032 1078 3098 P.

254 3139 380 3203 Mitt
345 3161 420 3225 por.
445 3137 506 3202 397
533 3137 581 3201 A:
610 3136 734 3214 ,Timeo
757 3136 834 3222 quid
857 3157 964 3200 rerum
987 3136 1155 3220 gesserim:
1190 3136 1235 3200 ita
1257 3135 1396 3200 dorsum

169 3252 270 3308 totum
294 3241 421 3326 prurit‘3
442 3243 563 3325 peccarit
551 3240 621 3322 t,P
646 3239 832 3304 addemur:
854 3239 1004 3302 videlicet
1025 3237 1171 3303 relatum.

255 3345 352 3431 apid.
376 3343 438 3408 685
460 3342 509 3407 A:
537 3343 658 3421 ,Ilicet:
689 3340 909 3406 vadimonium
931 3340 1015 3404 ultro
1038 3340 1081 3404 mi
1104 3340 1158 3405 hic
1179 3339 1286 3405 iaeitl‘
1309 3341 1400 3427 faeie

169 3446 208 3525 P,
232 3446 323 3511 cuius
341 3446 524 3511 mutationis
548 3457 660 3510 auctor
680 3446 727 3509 bie
749 3466 808 3530 pro
830 3443 985 3509 adverbio
1007 3443 1158 3509 habuisse
1181 3443 1329 3527 videtur,
1354 3445 1398 3510 de

171 3548 352 3634 corrigendi
375 3548 497 3613 ratione
522 3547 595 3612 vide
619 3571 702 3632 quae
726 3549 765 3613 de
793 3548 878 3611 Troe.
901 3546 963 3612 263
986 3568 1018 3631 p.
1044 3546 1082 3610 51
1106 3545 1278 3632 disputavi.

256 3653 368 3716 Psaad.
397 3651 460 3716 915
491 3651 542 3715 A:
581 3652 646 3728 ,At
674 3651 734 3715 hoc
763 3650 835 3714 volo
864 3672 993 3715 monere
1017 3661 1057 3717 te.
1085 3648 1099 3737 11
1119 3648 1298 3715 monendus
1320 3648 1399 3730 (sive

171 3753 392 3841 monendu's:)
415 3776 454 3818 ne
478 3776 529 3818 me
551 3757 709 3830 moneas‘3
731 3764 849 3817 moneat
869 3751 908 3820 P.

257 3857 349 3922 Stich.
375 3857 437 3921 146
458 3858 507 3922 A:
532 3856 640 3936 ,Nune
662 3856 781 3941 places,
803 3877 902 3938 quom
923 3868 1009 3920 recte
1032 3863 1218 3931 monstras‘3
1236 3853 1339 3941 placet
1354 3852 1399 3932 P,

171 3960 258 4046 quod
280 3961 346 4024 iam
368 3959 563 4026 Gulielmius
584 3959 733 4024 correxit.
825 3994 826 3997 ι

262 4081 344 4146 Tria
368 4080 450 4147 1062
479 4072 650 4145 Acidalius
677 4090 708 4143 et
736 4080 785 4143 A:
814 4079 890 4157 ,Sed
919 4080 946 4144 si
973 4101 1037 4143 non
1065 4077 1151 4141 dicto
1174 4075 1310 4141 audiens
1334 4087 1398 4156 est,

173 4182 252 4269 quid
274 4183 369 4270 ago‘?⁴
393 4204 422 4246 ea
443 4182 482 4260 P,
509 4204 617 4246 rerum
647 4181 834 4247 condicione
860 4205 925 4245 non
947 4190 1126 4268 perspecta.
1155 4189 1268 4242 contra
1289 4176 1398 4245 altera

172 4307 311 4372 persona
338 4294 423 4349 recte
453 4285 483 4348 in
514 4282 680 4349 codicibus
701 4283 820 4367 legitur
843 4308 871 4350 v.
896 4283 995 4362 1064,
1022 4294 1058 4348 ut
1080 4282 1254 4366 insequens
1276 4301 1396 4348 versus

176 4389 382 4454 demonstrat.
425 4386 562 4473 proclivi
585 4408 691 4452 errore
714 4410 744 4450 v.
769 4386 850 4452 1068
873 4387 911 4464 ,si
935 4387 998 4452 eris
1021 4385 1169 4462 meritus,
1196 4384 1286 4448 fies‘
1309 4383 1344 4448 in
1364 4383 1398 4450 P

175 4490 330 4586 scriptum
352 4502 399 4556 est
421 4491 561 4581 propiet,
584 4488 670 4585 quod
691 4488 726 4553 A
748 4489 890 4581 praebet.
