3120 5138
131 554 217 619 Truc.
241 553 303 619 287

171 657 217 723 A:
246 657 319 720 Iam
335 655 470 719 hercle
488 653 586 721 istos
601 655 691 720 fictos
708 654 900 740 compositos
912 654 1034 738 crispos
1052 651 1217 718 cincinnos
1229 664 1301 719 tuos

171 759 214 823 P:
236 759 309 822 Idm
337 780 409 842 ego
431 760 530 822 istos
552 757 643 822 fictos
668 758 862 843 compositos
891 757 1012 842 crispos
1037 755 1202 822 cincinnos
1225 766 1308 822 tuos.

81 861 305 927 recensionem
320 860 353 924 in
373 860 535 925 Pfactam
551 882 621 925 esse
642 883 706 924 non
729 861 910 944 praefracte
932 857 1130 942 negaverim,
1154 858 1211 923 sed
1234 869 1309 922 sunt

81 986 170 1048 quac
187 963 422 1028 dubitationem
442 973 606 1040 moveant;
624 986 697 1027 nam
714 962 830 1026 mirum
848 974 894 1026 est
916 973 1127 1027 correctorem
1140 960 1307 1025 induxisse

81 1088 270 1132 mensuram
298 1068 362 1129 idm
391 1089 452 1151 epo,
482 1088 679 1151 quamquam
706 1066 875 1150 vulgarem
902 1087 1046 1129 normam
1076 1063 1168 1148 sequi
1191 1061 1309 1128 licebat

81 1170 120 1233 in
134 1169 221 1233 hunc
238 1166 385 1232 modum:
407 1169 483 1250 ,iam
501 1168 609 1235 hercle
624 1169 728 1246 istos‘3
752 1178 921 1252 praeterea
943 1169 971 1232 si
994 1166 1175 1231 memineris
1197 1167 1307 1232 Pseud.

82 1270 149 1337 626
172 1267 242 1347 ,tibi
264 1290 324 1355 ego
349 1269 432 1332 dem‘
460 1268 498 1346 P,
527 1268 595 1346 ,tibi
618 1269 727 1334 hercle
751 1271 834 1334 dem‘
862 1269 911 1346 A,
940 1280 972 1334 et
994 1271 1076 1333 Men.
1098 1269 1179 1347 301,
1198 1269 1254 1335 ubi
1277 1270 1309 1335 iu

80 1372 114 1437 P
141 1382 213 1457 post
239 1373 334 1436 barole
361 1371 482 1436 excidit
510 1394 576 1457 epo,
605 1372 659 1436 hic
688 1394 816 1460 quoque
842 1384 916 1457 post
945 1394 997 1458 epo
1019 1371 1180 1438 excidisse
1203 1374 1307 1448 hercle,
1339 1437 1346 1459 ,

81 1474 173 1560 quod
200 1475 232 1537 in
261 1474 352 1539 libris
383 1475 569 1559 saepissime
593 1474 747 1559 scriptum
771 1488 819 1540 est
841 1477 967 1563 actast)
990 1498 1053 1539 non
1076 1475 1234 1540 absonum
1262 1488 1310 1541 est

80 1587 210 1664 putare.
245 1589 387 1641 ceterum
401 1576 601 1641 Buechelero
619 1576 863 1642 adsentiendum
880 1579 1017 1656 videtur,
1033 1578 1089 1662 qui
1104 1600 1310 1644 numerorum

81 1679 266 1766 elegantiae
290 1681 337 1743 sic
359 1678 534 1743 consuluit:

175 1783 248 1847 Iam
271 1781 380 1846 hercle
403 1805 464 1868 ego
481 1783 560 1846 istos
581 1781 676 1846 fictos
697 1793 874 1867 comptos
896 1783 1018 1868 crispos
1049 1783 1213 1848 cincinnos
1236 1793 1307 1849 tuos

134 1884 219 1948 Truc.
243 1883 308 1950 290

172 1986 220 2051 A:
243 1986 394 2073 Quisque
414 1985 569 2051 bucculas
593 1996 659 2051 tam
681 1985 766 2051 belle
789 1986 1029 2072 purpurissatas
1051 1987 1152 2053 habes

173 2089 216 2153 P:
240 2088 390 2175 Quisque
413 2088 491 2152 istas
514 2088 632 2153 buccas
655 2100 720 2153 tam
744 2088 826 2153 belle
849 2089 1086 2177 purporissatds
1109 2089 1220 2155 habes.

80 2204 258 2280 postquam
280 2216 338 2280 pro
354 2190 454 2257 verbo
471 2191 670 2256 deminutivo
686 2213 750 2255 vox
767 2193 871 2255 brucus
886 2193 1052 2257 oculorum
1069 2215 1176 2258 errore
1191 2194 1312 2280 scripta

82 2306 150 2374 est,
181 2296 273 2361 metri
301 2297 408 2382 gratia
437 2305 549 2360 auctor
576 2294 771 2359 recensionis
801 2294 970 2360 Palatinae
998 2299 1071 2360 istas
1094 2319 1223 2362 versum
1245 2297 1308 2363 287

82 2399 234 2464 imitatus
257 2398 392 2463 addidit.
417 2397 458 2462 cf.
481 2397 677 2483 Nimeyerus
700 2421 732 2483 p.
756 2397 785 2464 6.

136 2503 222 2567 Truc.
245 2501 309 2566 296
403 2517 407 2529 ’

173 2605 223 2669 A:
247 2603 320 2669 Scio
344 2620 405 2689 ego
427 2603 509 2688 plus,
534 2625 631 2690 quam
654 2612 695 2667 tu
716 2601 913 2667 arbitrare
935 2604 1041 2669 scire
1065 2626 1131 2670 me.
1147 2605 1156 2692 ll
1173 2603 1251 2691 quid
1275 2602 1309 2668 id

903 2704 1109 2771 obsecrost

174 2808 216 2872 P:
237 2807 315 2874 Scio
338 2829 397 2892 ego
419 2805 493 2891 plus
516 2828 613 2890 quam
636 2829 691 2870 me
714 2805 919 2872 arbitrare
943 2809 1055 2878 scire.
1071 2811 1080 2896 l
1095 2809 1173 2897 quid
1195 2811 1228 2874 id
1252 2821 1311 2874 est

904 2908 1078 2979 obsecro.

174 3013 214 3080 In
238 3011 374 3077 Abone
398 3035 431 3077 se
455 3014 553 3079 habet
576 3025 608 3077 tu
631 3012 813 3099 oppositum
828 3013 901 3078 voci
924 3036 991 3099 epo:
1014 3015 1054 3077 ci.
1081 3013 1148 3080 Cas.
1164 3014 1202 3078 ΙΙ
1217 3014 1246 3098 3,
1259 3010 1311 3080 27.

87 3116 176 3205 quod
190 3138 264 3181 cum
278 3115 319 3179 ab
332 3137 379 3191 eo,
396 3115 451 3201 qui
466 3113 688 3179 Palatinorum
706 3115 916 3201 archetypum
934 3116 1112 3202 descripsit,
1127 3117 1311 3204 neglectum

87 3229 186 3296 esset,
221 3219 299 3282 scite
329 3218 472 3303 profecto
504 3229 615 3282 auctor
642 3219 836 3283 recensionis
865 3218 964 3284 verba
992 3229 1107 3304 poetae
1136 3221 1182 3286 ita
1208 3230 1309 3286 trans·

88 3322 207 3410 posuit,
229 3330 266 3385 ut
287 3342 381 3385 nemo
402 3320 620 3386 recensionem
646 3320 795 3407 detegere
817 3323 967 3407 potuerit,
991 3323 1051 3387 nisi
1073 3323 1311 3390 Ambrosianus

88 3435 228 3490 aetatem
250 3422 384 3491 tulisset.

131 3527 227 3591 Marc.
250 3524 311 3588 271

175 3629 223 3693 A:
246 3628 312 3694 Sed
335 3629 559 3693 conticiscam:
584 3651 659 3693 nam
681 3652 794 3695 eccum
815 3632 840 3695 it
864 3630 989 3696 vicinus
1011 3631 1100 3696 foras

174 3730 219 3796 P:
242 3729 307 3796 Sed
330 3731 553 3796 conticiscam:
577 3733 718 3797 vicinum
742 3755 852 3798 eccum
876 3736 943 3798 exit
965 3735 1060 3800 foras.

85 3834 303 3920 Niemeyerus
332 3837 406 3921 po
440 3833 671 3900 demonstravit
705 3859 816 3901 vocem
845 3860 943 3901 eccum
975 3835 1113 3901 nominis
1147 3835 1189 3900 ad
1222 3835 1309 3920 q'uod

87 3948 215 4024 spectat
242 3938 416 4024 praepositi
444 3938 680 4002 nominativum
702 3950 825 4003 tantum
850 3962 975 4018 casum,
1004 3963 1068 4003 non
1092 3939 1311 4004 accusativum

87 4029 270 4106 admitte're.
307 4040 540 4105 nominativum
569 4064 644 4106 vero
672 4047 839 4106 restituere
867 4064 940 4105 cum
968 4042 1001 4105 in
1032 4042 1060 4106 P
1090 4064 1148 4127 per
1171 4052 1310 4107 metrum

86 4166 156 4210 non
177 4143 284 4221 liceat,
308 4154 443 4228 apparet
463 4143 685 4208 Palatinorum
709 4166 836 4208 versum
860 4145 1031 4210 correctori
1055 4145 1180 4222 deberi:
1205 4167 1310 4230 neque

87 4245 198 4313 minus
225 4245 259 4309 in
288 4245 343 4310 illo
373 4245 567 4331 Niemeyero
596 4246 841 4312 adsentiendum
869 4258 931 4326 est,
963 4247 1049 4333 quod
1077 4270 1117 4312 ex
1148 4270 1225 4313 voce
1252 4251 1313 4312 ecit

86 4368 150 4440 pro
171 4350 197 4413 it
221 4347 352 4413 arbitrio
374 4347 499 4413 librarii
522 4349 642 4434 scripta
664 4351 774 4415 turbas
798 4360 884 4415 ortas
908 4373 977 4416 esse
1001 4363 1117 4419 censet.

86 4493 294 4504 .-....---..-—

162 4573 184 4644 ¹)
200 4571 233 4626 ll.
252 4589 277 4642 g.
301 4572 374 4625 Prin.
393 4572 450 4625 717.
470 4571 540 4624 Men.
558 4571 616 4624 618.
635 4573 692 4625 619.
710 4571 790 4624 Most.
808 4572 865 4627 469.
884 4573 942 4627 585.
960 4573 1032 4626 Asin.
1052 4573 1110 4628 450.

1126 4676 1161 4733 6*
