3120 5138
757 312 799 376 45

165 540 313 596 monere,
350 541 479 584 versum
507 517 734 596 Ambrosiani,
769 519 824 602 qui
858 528 989 604 propter
1015 528 1112 580 metuo
1139 539 1175 580 ae
1204 538 1245 582 ex
1275 539 1304 579 v.
1329 515 1391 580 275

166 621 251 687 male
274 621 445 706 repetitum
468 621 649 686 reiciendus
673 632 735 699 est,
763 621 895 687 fluxisse
918 643 959 684 ex
982 642 1034 698 eo,
1058 641 1154 704 quem
1176 619 1205 683 P
1224 619 1390 706 praebent.

166 726 224 810 qui
249 725 374 789 etiamsi
406 738 438 789 et
466 725 534 808 ipse
565 736 599 788 ut
620 725 833 812 interpolatus
862 723 1064 788 damnandus
1087 735 1150 801 est,
1181 735 1288 787 tamen
1312 720 1392 785 nihil

165 839 232 906 est,
261 849 317 893 our
348 850 421 900 eum
451 827 485 890 in
514 827 691 912 archetypo
719 828 886 913 utriusque
909 824 1102 891 recensionis
1126 847 1256 911 prorsus
1278 823 1391 889 eodem

165 931 267 997 modo
290 943 460 996 exaratum
483 930 582 994 fnisse
606 953 777 1016 negemus3
822 932 860 996 cf.
883 929 1098 1014 Niemeyerus
1119 951 1149 1013 p.
1172 928 1224 992 43.

253 1053 365 1115 Pseud.
389 1050 450 1115 397

209 1169 259 1234 A:
284 1169 370 1253 Quoi
393 1191 496 1252 neque
520 1171 631 1254 parati
655 1181 715 1234 est
737 1171 946 1258 quicquam
970 1168 1048 1233 certi
1071 1167 1183 1233 consili

210 1272 255 1338 P:
279 1271 346 1356 Qui
368 1293 472 1356 neque
495 1283 618 1356 parata
640 1283 756 1358 gutta
778 1273 856 1337 certi
879 1271 992 1337 consili

166 1393 387 1477 Niemeyerus
416 1417 447 1480 p.
471 1392 513 1456 48
540 1392 648 1480 glossa
675 1393 800 1457 Placidi
834 1393 946 1466 hilam,
969 1393 1131 1477 quiequam
1158 1390 1303 1456 adhibita
1333 1394 1392 1454 hoc

165 1499 240 1561 loco
263 1500 425 1583 quicquam
449 1495 547 1560 verbo
569 1508 656 1581 patto
679 1496 931 1582 superscriptum
947 1494 1045 1558 fuisse
1062 1505 1179 1559 censet.
1217 1494 1392 1581 quodcum

164 1621 226 1685 per
249 1621 282 1662 se
306 1621 368 1662 non
394 1598 550 1662 absonum
574 1599 630 1676 sit,
660 1598 739 1662 illud
764 1612 870 1663 tamen
898 1597 1114 1682 reputandum
1138 1607 1200 1674 est,
1232 1599 1394 1683 quicquam

165 1703 279 1776 consili,
308 1703 428 1787 aliquid
449 1702 560 1775 concili,
591 1703 661 1769 sim.
688 1702 800 1766 Plauto
829 1717 877 1764 sat
908 1702 1025 1766 usitata
1049 1723 1136 1778 esse3
1167 1702 1207 1765 cf.
1232 1702 1392 1787 quicquam

166 1806 272 1869 consili
286 1806 399 1868 Bacch.
414 1803 507 1881 1036,
542 1805 661 1890 aliquid
676 1806 780 1868 consili
793 1807 888 1892 Epist.
902 1804 974 1881 256,
1004 1806 1079 1891 qaid
1095 1805 1199 1867 corculi
1214 1805 1307 1867 Mero.
1320 1803 1392 1870 346.

167 1908 263 1971 Stich.
279 1906 342 1971 632
365 1907 413 1993 (in
435 1907 490 1985 P),
514 1906 553 1975 al.
599 1908 669 1993 pari
692 1907 792 1994 igitur
814 1909 882 1971 iure
907 1930 925 1970 a
949 1917 1126 1972 correctore
1150 1906 1310 1972 obsoletae
1333 1906 1393 1970 elo

166 2010 292 2075 cutioni
314 2019 401 2094 putta
430 2009 535 2072 coculi
560 2008 744 2093 putabimus
768 2010 934 2096 vulgarem
958 2033 1021 2074 non
1044 2012 1311 2097 superscriptam,
1335 2008 1393 2073 sed

167 2112 375 2178 substitutam
389 2134 469 2176 esse.
494 2113 579 2176 idem
593 2111 688 2176 etiam
701 2113 900 2197 probabilius
913 2115 1080 2180 statuerim
1091 2116 1161 2179 loco
1178 2116 1233 2202 qui
1250 2113 1395 2198 sequitur

253 2234 348 2297 Mero.
372 2232 436 2296 314
480 2233 526 2295 A:
549 2232 646 2318 plane
668 2232 851 2318 decrepitus
874 2256 972 2298 senex

482 2334 526 2398 P:
550 2335 676 2400 vetulus
700 2334 881 2423 decrepitus
906 2361 1013 2406 senen.

167 2454 385 2521 Ritschelium
414 2454 651 2542 Goetzinmque
684 2456 906 2522 Palatinorum
936 2459 1090 2523 memoria
1119 2465 1226 2542 spreta
1254 2456 1393 2520 Ambro-

168 2562 296 2623 sianum
319 2559 409 2641 sequi
433 2579 536 2643 paene
560 2559 658 2644 piget.
703 2570 838 2643 uterque
862 2561 947 2625 enim
970 2584 1027 2624 nos
1050 2571 1181 2626 revocat
1204 2559 1245 2622 ad
1269 2582 1297 2625 v.
1320 2558 1393 2636 291,

168 2660 225 2726 ubi
248 2672 327 2724 vetus
350 2663 516 2746 decrepitae
533 2673 636 2739 extat,
667 2662 760 2748 quasi
792 2662 859 2725 veri
884 2663 987 2728 simile
1009 2674 1108 2747 esset,
1140 2687 1180 2728 ex
1202 2663 1290 2729 vocis
1313 2674 1393 2726 vetus

168 2762 391 2828 recordatione
423 2763 682 2848 interpolatorem
716 2766 829 2828 vetulas
863 2766 938 2829 huic
972 2765 1079 2830 versui
1112 2765 1283 2847 adiecisse,
1320 2785 1392 2829 oum

170 2867 365 2932 contrarium
396 2876 519 2930 tantum
552 2867 661 2955 aliquo
695 2867 790 2931 modo
818 2868 971 2933 credibile
994 2869 1044 2931 sit.
1096 2868 1122 2931 si
1147 2889 1223 2931 vero
1245 2866 1392 2931 codicum

169 2971 323 3036 lectiones
348 2993 405 3058 per
428 2992 462 3034 se
480 2992 714 3057 comparamus,
737 2971 804 3036 fere
822 2971 936 3035 rationi
953 2984 1123 3058 repugnat,
1148 2971 1247 3037 verbo
1265 2970 1392 3056 vulgari

164 3076 259 3162 pleae
292 3074 456 3139 subditum
491 3096 561 3138 esse
588 3075 709 3138 vetulus.
764 3097 821 3140 nos
848 3075 1129 3159 languidissimum
1153 3076 1246 3162 plaac
1274 3074 1394 3138 reicere

169 3200 233 3242 non
257 3177 452 3254 dubitamus,
474 3175 671 3262 Niemeyero
695 3178 739 3264 (p.
755 3178 812 3260 53)
836 3177 1061 3254 adsentientes,
1084 3179 1140 3262 qui
1162 3180 1273 3243 vetulus
1297 3180 1393 3242 decre-

164 3283 250 3367 pitas
272 3290 339 3345 tam
360 3279 548 3345 Plautinum
572 3302 640 3345 esse
663 3280 757 3359 dicit,
785 3292 821 3345 nt
849 3280 889 3344 de
917 3280 1039 3345 librarii
1068 3304 1175 3347 errore
1206 3280 1258 3346 vel
1280 3281 1394 3346 fraude

170 3404 268 3469 aegre
302 3382 420 3468 cogitet
453 3383 507 3468 (cf.
537 3383 632 3469 apta.
656 3384 742 3470 666).
799 3384 885 3468 quod
921 3409 996 3450 vero
1030 3386 1114 3450 idem
1143 3386 1237 3473 plane
1269 3400 1394 3472 partem

169 3486 298 3572 glossae
326 3485 494 3550 cuiusdam
521 3485 620 3550 fuisse
647 3510 687 3551 ex
717 3486 815 3554 Verri
845 3487 956 3553 Flacci
989 3500 1021 3553 et
1051 3489 1176 3553 Placidi
1208 3489 1303 3566 locis,
1337 3485 1393 3571 qui

169 3611 282 3654 vocem
316 3591 481 3675 decrepitus
518 3589 782 3676 interpretantur,
818 3590 957 3677 colligit,
997 3592 1088 3657 nobis
1128 3614 1191 3657 non
1230 3590 1393 3677 probatur.

169 3690 295 3757 tollitur
323 3692 409 3756 enim
440 3691 535 3756 huius
566 3692 769 3757 coniecturae
797 3693 876 3758 fides
907 3717 958 3777 eo,
988 3695 1074 3779 quod
1102 3695 1230 3761 illorum
1253 3692 1395 3758 vorbaa

170 3795 230 3860 tali
254 3794 528 3880 interpretatione,
552 3796 680 3878 qualem
709 3797 849 3883 exempli
871 3797 976 3883 gratia
1003 3797 1218 3884 Niemeyerus
1246 3795 1396 3883 proponit

172 3899 277 3986 (plone
303 3910 430 3964 vetustus
464 3897 514 3961 vel
544 3898 646 3962 simile
675 3899 784 3985 quid),
819 3899 913 3962 nimis
942 3901 1125 3978 discedunt;
1162 3899 1279 3964 deinde
1308 3897 1395 3986 quod

171 4015 297 4090 partem
319 4013 445 4068 tantum
472 4003 599 4088 glossae
630 4003 662 4065 in
686 4025 813 4065 versum
838 4002 994 4068 invasisse
1017 4014 1049 4069 et
1072 4004 1206 4069 verbum
1230 4000 1394 4087 amplioris

171 4106 268 4194 spatii
297 4106 461 4191 expulisse
491 4104 586 4170 debet
610 4107 773 4182 conicere,
811 4128 875 4169 non
903 4107 1086 4192 appositum
1114 4116 1162 4172 est
1194 4106 1242 4170 ad
1264 4125 1395 4192 persua·

171 4209 324 4274 dendum.
362 4209 457 4295 longe
479 4207 656 4295 simplicius
680 4231 731 4273 res
747 4209 793 4272 sio
809 4208 1000 4294 explicatur,
1027 4220 1060 4275 ut
1078 4220 1289 4275 correctorem
1305 4206 1395 4272 verbi

169 4314 283 4378 vetulas
304 4324 488 4401 pertaesum
511 4312 560 4390 sit,
585 4311 675 4377 cuius
697 4312 767 4376 loco
788 4314 879 4398 pleae
901 4313 1074 4379 substituit.

261 4437 342 4499 Tria.
367 4433 429 4497 743
471 4432 515 4499 P:
538 4431 694 4498 Oolumdn
717 4442 748 4496 te
771 4433 883 4499 sistere

462 4535 734 4601 A21noolumem
758 4537 870 4603 sistere
