3120 5138
225 1402 461 1520 plautinarum
493 1454 678 1519 fabularum
706 1455 887 1519 emendatio
914 1477 988 1520 cum
1014 1455 1098 1519 inter
1125 1454 1360 1540 spinosissimas

136 1558 215 1624 artis
245 1570 373 1622 nostrae
407 1558 591 1646 provincias
621 1558 689 1622 iure
721 1558 922 1623 existimetur
949 1571 981 1621 et
1008 1557 1049 1622 ob
1074 1556 1271 1643 singularem
1300 1579 1361 1621 ser-

39 1696 42 1700 ·
135 1660 242 1726 monis
264 1660 407 1726 Plautini
436 1660 576 1727 indolem
607 1673 638 1724 et
662 1671 792 1746 propter
814 1660 968 1725 librorum
992 1661 1047 1745 qui
1071 1660 1166 1724 hodie
1189 1670 1362 1745 supersunt

135 1763 359 1829 condicionem
382 1763 545 1841 miseram,
568 1763 624 1847 qui
646 1763 771 1829 nullum
786 1786 850 1827 non
866 1765 1010 1850 perpessi
1027 1764 1091 1827 sint
1107 1763 1360 1848 corruptelarum

135 1888 251 1954 genus,
275 1880 383 1930 tamen
406 1865 456 1930 his
479 1864 627 1930 omnibus
651 1866 785 1930 maiores
808 1866 1012 1931 difficultates
1035 1866 1224 1931 oboriuntur
1245 1866 1284 1942 ei,
1307 1866 1362 1949 qui

135 1969 315 2056 genuinam
342 1967 526 2034 fabularum
548 1969 683 2032 formam
706 1968 886 2055 reciperare
909 1969 1030 2045 studet,
1053 1968 1139 2045 inde,
1163 1967 1249 2052 quod
1276 1987 1363 2032 nunc

135 2072 269 2156 quidem
291 2071 450 2137 neminem
479 2072 591 2157 fugere
619 2081 724 2157 potest
753 2072 849 2135 etiam
871 2071 1027 2136 librorum
1050 2081 1230 2135 nostrorum
1253 2070 1362 2135 arche-

135 2186 233 2263 typos
263 2175 345 2239 adeo
368 2196 430 2238 non
458 2174 562 2261 ipsam
590 2185 705 2259 poetae
728 2197 858 2239 manum
880 2173 1188 2259 repraesentavisse,
1222 2186 1258 2237 ut
1278 2183 1361 2237 totas

138 2277 266 2343 fabulas
295 2276 486 2342 exhiberent
509 2277 585 2339 data
613 2298 711 2361 opera
733 2300 752 2341 a
774 2275 1006 2341 correctoribus
1030 2286 1230 2340 retractatas.
1270 2275 1362 2340 cuius

140 2379 374 2447 retractationis
398 2379 459 2454 vel,
482 2388 518 2443 ut
539 2379 659 2445 usitato
681 2379 809 2444 nornine
832 2392 913 2456 utar,
938 2379 1132 2443 recensionis
1154 2377 1220 2442 duo
1242 2399 1363 2463 genera

138 2497 231 2550 sunt:
264 2507 402 2569 quorum
430 2484 566 2549 alterum
595 2484 775 2548 continetur
803 2482 837 2545 in
859 2504 897 2546 ea
919 2481 1102 2546 fabularum
1125 2480 1359 2563 retractatione,

138 2609 202 2670 qua
232 2609 252 2650 a
275 2587 412 2650 dominis
436 2607 576 2673 gregum
603 2585 636 2650 in
665 2608 822 2650 novarum
852 2586 1015 2649 actionum
1039 2607 1132 2648 usum
1148 2583 1223 2648 totis
1239 2583 1363 2647 scaenis
1445 2658 1448 2662 ⁴

141 2690 192 2753 vel
216 2711 406 2753 scaenarum
429 2687 591 2773 partibus,
619 2688 731 2772 quales
753 2710 772 2750 a
794 2687 910 2751 Plauto
937 2687 1099 2773 profectae
1122 2696 1229 2761 erant,
1257 2705 1363 2748 novae

140 2804 195 2856 aut
218 2791 411 2856 substitutae
428 2803 502 2857 sunt
524 2792 578 2870 ita,
600 2803 638 2855 ut
654 2790 764 2856 Plauti
787 2811 898 2853 versus
922 2788 1070 2873 perirent,
1095 2799 1151 2850 aut
1173 2786 1364 2871 adscriptae,

141 2909 175 2960 ut
199 2894 306 2959 Plauti
329 2917 440 2959 versus
462 2894 555 2959 iuxta
578 2916 647 2970 eos,
676 2893 732 2976 qui
760 2891 801 2954 ad
830 2891 956 2954 illorum
986 2889 1228 2954 similitudinem
1251 2900 1363 2974 postea

140 2996 386 3084 effingebantur,
410 3008 546 3062 aetatem
561 2997 690 3060 ferrent.
735 2993 768 3059 id
792 3015 867 3056 vero
883 2992 1001 3056 scimus
1024 2992 1213 3076 plerumque
1229 2991 1263 3053 in
1287 3012 1363 3056 eum

139 3100 235 3164 linem
249 3101 371 3164 factum
394 3120 472 3181 esse,
496 3111 533 3162 ut
555 3097 745 3161 aPlautinis
768 3094 940 3160 comoediis
957 3094 1137 3181 robiginem
1161 3092 1363 3177 antiquitatis

140 3203 361 3288 detergerent,
394 3212 450 3264 aut
478 3220 517 3263 ne
546 3199 718 3264 verborum
745 3221 893 3263 rerumve
920 3200 954 3262 in
985 3219 1101 3261 scaena
1125 3208 1290 3283 gestarum
1311 3195 1365 3261 ob

141 3304 326 3380 acaecitate,
349 3302 478 3387 qualem
493 3301 630 3366 Plautus
653 3323 718 3365 non
740 3301 864 3380 vitavit,
889 3323 982 3365 aures
998 3300 1146 3383 oculique
1163 3297 1363 3364 audientium

142 3405 394 3484 offenderentur,
424 3415 479 3470 aut
507 3405 656 3488 denique,
688 3415 722 3468 ut
743 3403 868 3467 scaenis
890 3403 1021 3468 resectis
1043 3401 1173 3467 fabulae
1193 3400 1365 3466 Plautinae

140 3509 174 3573 in
197 3507 328 3573 brevius
351 3507 629 3584 contraherentur3
664 3528 728 3591 quo
755 3508 841 3571 facto
870 3506 896 3569 si
924 3505 978 3588 qui
1008 3506 1114 3570 hiatus
1137 3504 1366 3569 sententiarum

141 3610 385 3677 continuitatem
413 3609 705 3694 interrumpebant,
733 3609 773 3673 de
802 3632 859 3673 suo
886 3609 1016 3695 ingenio
1044 3609 1269 3695 supplementa
1292 3607 1364 3673 sub

143 3713 303 3778 diderunt.
357 3713 392 3776 in
430 3734 495 3795 qua
532 3734 640 3776 rerum
673 3712 860 3776 condicione
893 3724 928 3775 ut
962 3732 1037 3776 vere
1069 3711 1222 3775 Plautina
1254 3709 1367 3774 dister-

144 3817 343 3880 minarentur
360 3814 400 3879 ab
415 3814 470 3892 iis,
492 3835 575 3899 quae
597 3813 638 3878 ab
654 3814 726 3878 aliis
746 3815 849 3898 poetis
871 3813 1149 3898 qualibuscunque
1164 3813 1199 3876 in
1213 3812 1368 3877 Plautum

144 3919 272 3984 invecta
296 3928 379 4000 sunt,
402 3916 563 4003 insignem
586 3937 717 4001 operam
741 3917 944 3981 contulerunt
968 3916 1028 3980 viri
1050 3916 1090 3980 de
1106 3915 1224 3979 Plauto
1247 3914 1367 4003 optime

143 4020 249 4086 meriti
271 4020 437 4103 multaque
460 4021 555 4084 certis
579 4029 636 4083 aut
658 4019 816 4083 -sicuti
838 4020 872 4084 in
895 4020 963 4084 eius
985 4018 1072 4084 modi
1088 4016 1368 4104 disquisitionibus

145 4146 205 4188 usu
228 4123 315 4188 venit
336 4160 378 4172 —
402 4119 623 4209 probabilibus
646 4120 945 4186 ratiocinationibus
967 4120 1210 4206 expediverunt.
1261 4141 1281 4182 a
1303 4139 1368 4201 qua

146 4225 310 4291 diversum
338 4234 385 4290 est
413 4225 550 4289 alterum
579 4222 775 4288 recensionis
802 4243 905 4308 genus
933 4222 1178 4307 grammaticae,
1216 4241 1299 4304 quae
1326 4218 1369 4282 ad

144 4329 330 4396 fabularum
358 4327 578 4393 oeconomiam
602 4349 665 4390 non
688 4325 839 4411 pertinet,
873 4325 985 4390 sedin
1013 4324 1147 4409 singulis
1178 4322 1283 4386 verbis
1317 4321 1368 4385 vel

146 4431 292 4497 versibus
315 4431 477 4497 mutandis
501 4440 648 4494 versatur
671 4449 773 4513 eoque
795 4426 942 4513 inprimis
965 4425 1097 4490 consilio
1113 4448 1133 4488 a
1148 4424 1369 4511 grammaticis

146 4536 293 4600 instituta
321 4546 386 4612 est,
420 4547 455 4599 ut
489 4533 632 4618 linguam
667 4544 696 4594 et
732 4553 845 4596 versus
879 4529 1047 4594 recentiori
1081 4525 1306 4592 consuetudini
1339 4537 1370 4590 et

1202 4648 1217 4701 1
