3120 5138
752 344 813 409 107

164 551 244 616 vide
265 551 359 617 infra.
404 550 445 615 ad
469 550 573 616 Stichi
604 561 711 616 antem
734 572 884 616 scaenam
906 549 1044 635 primam
1066 560 1236 615 revertens
1264 549 1395 615 adnota·

166 654 271 719 verim
303 653 365 717 hoc
406 655 527 739 ipsum,
558 653 645 740 quod
673 654 707 717 in
730 653 759 718 P
786 652 937 730 alterum,
965 653 1000 716 in
1022 652 1051 717 A
1074 664 1247 741 utrumque
1275 675 1393 718 nornen

165 756 335 846 proprium
357 754 475 820 falsum
499 755 651 835 traditur,
674 755 927 821 luculentissime
958 755 1179 820 demonstrare
1205 755 1393 841 primariam

167 859 271 925 fuisse
292 859 326 923 in
348 858 535 944 archetypis
552 857 710 923 Plautinis
725 858 946 923 characterum
964 855 1242 942 significationem,
1266 856 1396 922 novicia

166 971 199 1026 et
222 982 244 1026 a
268 959 503 1026 correctoribus
533 961 663 1024 demum
691 960 783 1024 varia
811 960 845 1024 in
868 983 905 1026 co
927 961 1058 1024 fortuna
1084 959 1151 1025 usis
1185 957 1297 1023 addita
1326 980 1396 1024 esso

165 1064 300 1129 nomina
322 1063 465 1149 propria

255 1166 321 1233 Sed
343 1168 376 1230 in
399 1165 472 1251 ipsa
492 1165 594 1230 Sticho
616 1165 805 1230 correctoris
821 1164 1033 1230 Ambrosioni
1054 1173 1091 1228 nt
1112 1162 1252 1229 audacia
1279 1163 1325 1228 ita
1348 1163 1395 1228 in·

165 1268 349 1334 constantia
363 1266 512 1333 miranda
528 1280 592 1332 estc
615 1291 691 1333 nam
707 1290 790 1353 quae
812 1268 882 1354 ipse
904 1269 1073 1332 invenerat
1095 1289 1241 1332 sororum
1264 1267 1396 1333 nomina

166 1394 233 1436 non
256 1393 314 1457 per
337 1382 437 1435 totam
460 1370 621 1448 fabulam,
644 1370 731 1458 quod
754 1373 994 1457 expectaveris,
1022 1370 1166 1447 induxit,
1196 1370 1254 1435 sed
1275 1369 1394 1434 iamin

168 1494 289 1539 scaena
324 1473 342 1537 I
371 1475 391 1537 2
418 1473 577 1559 neglexit3
612 1476 664 1539 cui
699 1496 772 1539 cum
807 1474 986 1561 antiquitus
1019 1473 1275 1560 superscriptum
1311 1482 1396 1538 esset

165 1599 295 1661 ,senoxz
323 1576 485 1644 nrulieres‘
514 1577 567 1641 rel
588 1599 714 1654 ,senexz
744 1577 896 1642 mulieres
919 1577 1024 1653 duae‘,
1051 1599 1110 1662 pro
1140 1585 1261 1652 ,senex‘
1283 1587 1396 1641 auctor

164 1680 223 1746 ille
244 1680 471 1762 Ambrosiam,
495 1691 531 1745 ut
558 1680 653 1758 solet,
683 1680 849 1767 ‚Antipho‘
878 1679 1060 1758 substituit,
1088 1678 1259 1744 mulierum
1286 1690 1395 1743 autern

166 1784 301 1848 nomina
322 1805 398 1848 cum
426 1805 466 1847 ne
495 1783 531 1846 in
553 1784 614 1848 hac
643 1782 774 1869 quidem
803 1805 921 1848 scaena
948 1781 1125 1859 inveniret,
1153 1780 1325 1858 ,mulieres‘
1348 1803 1393 1846 re·

166 1885 266 1951 tinuit
289 1885 402 1950 eodem
425 1885 585 1970 exemplo,
608 1907 672 1972 quo
697 1885 788 1951 Stich.
810 1883 843 1952 V
864 1884 887 1949 4
909 1884 1062 1962 ,tibicina‘
1093 1884 1216 1970 (errore
1238 1884 1395 1970 scriptum

171 2010 232 2074 pro
255 1987 428 2072 tibicen),
458 1985 510 2052 cui
537 1988 639 2074 κωφῷ
661 1987 828 2074 προσώπῳ
856 2009 973 2052 nomen
997 2011 1059 2052 non
1088 1998 1172 2063 erat,
1201 2008 1240 2050 ea
1267 1998 1394 2052 tantum

168 2091 212 2155 de
234 2112 333 2155 cansa
354 2100 514 2154 remotum
544 2111 607 2153 non
636 2100 698 2174 θεῖς
733 2101 826 2154 etue
854 2088 932 2173 quid
956 2090 1054 2167 desit,
1081 2089 1169 2173 quod
1196 2089 1265 2153 eins
1287 2090 1394 2175 negle-

167 2195 311 2279 gentiam
330 2193 534 2257 manifestam
552 2191 687 2257 reddere
703 2192 815 2277 possit,
832 2214 969 2257 scaenae
982 2192 1019 2258 II
1035 2193 1055 2256 2
1074 2204 1161 2257 recte
1174 2191 1392 2278 Panegyridis

166 2318 284 2361 nomen
307 2318 325 2360 θ
348 2320 378 2364 v.
399 2297 459 2362 331
486 2297 621 2384 petitum
644 2296 880 2382 superscripsit.
925 2317 1008 2379 quae
1036 2304 1204 2380 praeterea
1237 2293 1301 2359 huc
1322 2316 1392 2381 per·

166 2399 272 2464 tinent
298 2400 388 2464 casui
414 2399 551 2464 fortasse
575 2398 747 2464 tribuenda
769 2408 853 2467 sunt.
897 2398 930 2462 in
959 2398 1040 2461 Tria
1059 2396 1147 2463 1v2
1171 2397 1392 2483 sycophantae

167 2523 280 2567 verum
303 2523 420 2567 nomen
442 2501 610 2578 reticetur3
633 2524 708 2566 nam
723 2501 812 2588 quod
828 2524 858 2564 v.
877 2500 940 2568 889
963 2500 1057 2577 ‚Pax‘
1076 2521 1192 2565 nomen
1215 2500 1277 2566 sibi
1300 2501 1393 2578 indit,

168 2626 275 2669 merae
298 2625 405 2690 nugae
426 2615 509 2669 sunt.
553 2605 586 2669 in
609 2604 638 2668 P
660 2625 796 2668 scaenae
818 2614 905 2668 recte
933 2603 1188 2690 superscriptum
1217 2614 1264 2667 est
1293 2624 1394 2689 ,syco

167 2708 302 2794 phanta‚
326 2716 446 2773 sonex‘.
489 2707 521 2770 in
545 2707 646 2773 altera
669 2706 855 2771 recensione
878 2729 936 2793 pro
965 2716 1086 2784 ,senex‘
1115 2703 1324 2769 substitutum
1347 2716 1396 2770 est

168 2809 393 2893 ,Charmidest
417 2811 637 2895 sycophantae
661 2822 780 2887 autem,
804 2808 895 2874 cuius
912 2830 1029 2873 nornen
1051 2807 1274 2892 ignorabatur,
1298 2808 1395 2893 signi·

166 2913 274 2978 ficatio
281 2934 418 2998 prorsus
432 2913 551 2977 omissa
563 2922 620 2977 est.
666 2911 778 2976 eadem
798 2934 906 2976 rerum
923 2909 1070 2974 condicio
1087 2918 1177 2974 extat
1188 2911 1283 2997 [lpid.
1296 2909 1349 2978 IV
1364 2912 1393 2988 1,

166 3015 288 3101 quain
310 3037 430 3081 scaeua
452 3037 525 3081 cum
548 3015 703 3101 Philippa
735 3025 766 3079 et
788 3013 989 3099 Periphanes
1012 3012 1201 3100 loquantur,
1233 3013 1397 3101 genuinus·

166 3117 283 3184 titulus
304 3119 366 3184 fuit
389 3118 514 3196 ,mulier
536 3128 657 3186 senex‘.
702 3120 796 3184 cuius
819 3117 957 3206 priorem
981 3127 1107 3182 tautum
1129 3127 1255 3203 partem
1277 3117 1307 3182 P
1329 3139 1395 3182 ser·

165 3232 285 3287 verunt
313 3221 347 3285 in
368 3221 432 3286 fine
458 3221 683 3308 praecedentis
709 3242 869 3298 scaenae,
899 3229 1020 3297 ‚senex‘
1050 3241 1128 3285 casu
1157 3221 1312 3284 omissum
1335 3230 1393 3298 est,

167 3345 241 3390 cum
268 3324 338 3390 eius
368 3324 458 3390 verbi
488 3324 623 3390 consilio
651 3324 781 3389 delendi
809 3322 900 3388 nulla
933 3321 1113 3409 excogitari
1147 3320 1249 3407 possit
1283 3343 1392 3389 causa.

166 3427 255 3512 quod
277 3449 341 3492 non
364 3427 477 3492 eadem
495 3427 688 3492 confidentia
705 3426 925 3492 contenderim
944 3422 1205 3489 deAmbrosiani
1222 3425 1394 3512 scriptura,

166 3531 199 3595 in
233 3552 298 3615 quo
331 3529 417 3617 quod
450 3529 529 3595 nihil
563 3529 626 3594 nisi
660 3529 882 3618 ,Periphanes‘
915 3528 1028 3614 (idque
1058 3548 1122 3590 non
1156 3526 1261 3614 prima
1295 3531 1395 3594 manu

166 3633 337 3721 scriptum)
363 3632 495 3720 legitur,
529 3633 604 3698 inde
628 3634 769 3697 *fortasse
798 3630 1011 3720 repetendum
1033 3641 1099 3708 est,
1133 3630 1221 3714 quod
1249 3631 1393 3696 mulieris

166 3757 284 3800 nomen
310 3735 344 3800 in
373 3734 426 3802 IV
453 3738 466 3800 l
492 3757 652 3822 nusquam
675 3735 804 3820 legitur,
827 3734 884 3798 sed
907 3735 939 3797 in
963 3732 1032 3800 Vl
1057 3755 1151 3797 versu
1175 3731 1239 3799 636
1262 3733 1397 3797 demum

166 3848 445 3905 commemoratur.
930 3865 931 3868 ¹

252 3941 366 4028 Atque
387 3942 469 4005 haec
491 3939 624 4024 quidem
647 3939 687 4004 de
709 3936 937 4004 Ambrosiano.
982 3937 1022 4002 de
1044 3937 1267 4003 Palatinorum
1289 3938 1392 4002 titulis

166 4043 273 4109 minus
303 4054 390 4109 recte
421 4043 530 4108 retulit
560 4042 763 4128 Spengelius.
816 4062 953 4125 quorum
980 4039 1135 4103 momoria
1163 4042 1223 4104 etsi
1252 4040 1392 4105 dubitari

166 4147 280 4234 nequit
309 4147 388 4231 quin
410 4168 453 4210 ex
483 4145 657 4209 vetustiore
686 4162 830 4229 tempore
859 4139 1036 4228 repetenda
1058 4142 1111 4222 sit,
1141 4151 1252 4207 tamen
1280 4143 1397 4207 ineos

164 4248 294 4329 novicia
305 4246 503 4315 inscribendi
515 4245 597 4309 ratio
609 4245 737 4334 saepius
750 4244 895 4329 inrepsit,
906 4266 1003 4328 quam
1017 4242 1209 4332 Spengelius
1223 4238 1396 4309 indicavit

165 4373 248 4437 quae
271 4351 399 4417 cumin
422 4350 457 4415 A
479 4347 614 4414 consilio
636 4346 894 4414 constantissime
918 4347 1047 4412 invecta
1070 4345 1123 4425 sit,
1145 4347 1179 4411 in
1197 4345 1227 4412 P
1249 4347 1397 4434 ipsorum¹

164 4451 370 4517 librariorum
383 4448 606 4537 neglegentiae
624 4449 800 4516 maximam
821 4460 947 4538 partem
959 4472 1031 4514 eam
1049 4449 1160 4516 deberi
1180 4450 1398 4515 certissimum.

165 4564 227 4621 cst:
257 4574 396 4642 namque
419 4553 480 4618 etsi
502 4553 557 4618 hic
578 4552 644 4618 illic
666 4573 777 4618 omnes
799 4552 896 4620 huius
917 4551 1060 4617 familiae
1086 4550 1159 4619 libri
1189 4554 1223 4616 in
1250 4552 1393 4639 appella-
