<?xml version="1.0" encoding="UTF-8"?>
<!DOCTYPE html PUBLIC "-//W3C//DTD XHTML 1.0 Transitional//EN"
    "http://www.w3.org/TR/xhtml1/DTD/xhtml1-transitional.dtd">
<html xmlns="http://www.w3.org/1999/xhtml" xml:lang="en" lang="en">
 <head>
  <title>
</title>
<meta http-equiv="Content-Type" content="text/html;charset=utf-8" />
  <meta name='ocr-system' content='tesseract 3.04.00' />
  <meta name='ocr-capabilities' content='ocr_page ocr_carea ocr_par ocr_line ocrx_word'/>
</head>
<body>
  <div class='ocr_page' id='page_1' title='image "./deplautifabular00baiegoog_0163.png"; bbox 0 0 3120 5138; ppageno 0'>
   <div class='ocr_carea' id='block_1_1' title="bbox 752 340 814 405">
    <p class='ocr_par' dir='ltr' id='par_1_1' title="bbox 752 340 814 405">
     <span class='ocr_line' id='line_1_1' title="bbox 752 340 814 405; baseline 0.032 -2"><span class='ocrx_word' id='word_1_1' title='bbox 752 340 814 405; x_wconf 84' lang='lat'><strong>153</strong></span> 
     </span>
    </p>
   </div>
   <div class='ocr_carea' id='block_1_2' title="bbox 680 431 881 442">
    <p class='ocr_par' dir='ltr' id='par_1_2' title="bbox 680 431 881 442">
     <span class='ocr_line' id='line_1_2' title="bbox 680 431 881 442; baseline 0 0"><span class='ocrx_word' id='word_1_2' title='bbox 680 431 881 442; x_wconf 49' lang='grc' dir='ltr'><strong>,ιι-...ψ</strong></span> 
     </span>
    </p>
   </div>
   <div class='ocr_carea' id='block_1_3' title="bbox 164 539 1416 4618">
    <p class='ocr_par' dir='ltr' id='par_1_3' title="bbox 164 539 1416 4618">
     <span class='ocr_line' id='line_1_3' title="bbox 167 539 1394 630; baseline 0.002 -25"><span class='ocrx_word' id='word_1_3' title='bbox 167 539 346 606; x_wconf 74' lang='lat' dir='ltr'><strong>exhibeant</strong></span> <span class='ocrx_word' id='word_1_4' title='bbox 384 541 535 627; x_wconf 85' lang='lat' dir='ltr'><strong>‚Oulpam</strong></span> <span class='ocrx_word' id='word_1_5' title='bbox 570 566 697 608; x_wconf 91' lang='lat' dir='ltr'><strong>omnem</strong></span> <span class='ocrx_word' id='word_1_6' title='bbox 729 546 761 610; x_wconf 93' lang='lat' dir='ltr'><strong>in</strong></span> <span class='ocrx_word' id='word_1_7' title='bbox 796 545 869 609; x_wconf 90' lang='lat' dir='ltr'>mad</span> <span class='ocrx_word' id='word_1_8' title='bbox 903 544 1068 630; x_wconf 87' lang='lat' dir='ltr'><strong>inponito‘‚</strong></span> <span class='ocrx_word' id='word_1_9' title='bbox 1084 548 1088 553; x_wconf 80' lang='grc'><strong>’</strong></span> <span class='ocrx_word' id='word_1_10' title='bbox 1102 543 1148 608; x_wconf 90' lang='lat' dir='ltr'><strong>illi</strong></span> <span class='ocrx_word' id='word_1_11' title='bbox 1183 544 1394 609; x_wconf 90' lang='lat' dir='ltr'><strong>eruditionem</strong></span> 
     </span>
     <span class='ocr_line' id='line_1_4' title="bbox 169 644 1395 733; baseline 0.002 -25"><span class='ocrx_word' id='word_1_12' title='bbox 169 644 328 709; x_wconf 87' lang='lat' dir='ltr'><strong>iactantes</strong></span> <span class='ocrx_word' id='word_1_13' title='bbox 350 648 509 732; x_wconf 76' lang='lat' dir='ltr'><strong>impiopito</strong></span> <span class='ocrx_word' id='word_1_14' title='bbox 533 650 564 711; x_wconf 91' lang='lat' dir='ltr'><strong>in</strong></span> <span class='ocrx_word' id='word_1_15' title='bbox 587 648 730 712; x_wconf 79' lang='lat' dir='ltr'>codicem</span> <span class='ocrx_word' id='word_1_16' title='bbox 746 648 950 733; x_wconf 84' lang='lat' dir='ltr'><strong>Lipsiensem</strong></span> <span class='ocrx_word' id='word_1_17' title='bbox 974 658 1005 712; x_wconf 89' lang='lat' dir='ltr'><strong>et</strong></span> <span class='ocrx_word' id='word_1_18' title='bbox 1027 645 1200 712; x_wconf 87' lang='lat' dir='ltr'>editionem</span> <span class='ocrx_word' id='word_1_19' title='bbox 1215 646 1395 733; x_wconf 88' lang='lat' dir='ltr'><strong>principem</strong></span> 
     </span>
     <span class='ocr_line' id='line_1_5' title="bbox 166 747 356 816; baseline 0.016 -3"><span class='ocrx_word' id='word_1_20' title='bbox 166 747 356 816; x_wconf 79' lang='lat' dir='ltr'><strong>intulerunt</strong></span> 
     </span>
     <span class='ocr_line' id='line_1_6' title="bbox 214 850 469 935; baseline 0.012 -21"><span class='ocrx_word' id='word_1_21' title='bbox 214 851 285 914; x_wconf 78' lang='lat' dir='ltr'><strong>Mil.</strong></span> <span class='ocrx_word' id='word_1_22' title='bbox 307 850 383 935; x_wconf 77' lang='lat' dir='ltr'><strong>plor.</strong></span> <span class='ocrx_word' id='word_1_23' title='bbox 406 850 469 917; x_wconf 78' lang='lat'><strong>209</strong></span> 
     </span>
     <span class='ocr_line' id='line_1_7' title="bbox 182 952 1307 1038; baseline 0.004 -21"><span class='ocrx_word' id='word_1_24' title='bbox 182 1003 184 1006; x_wconf 44' lang='lat'>&gt;</span> <span class='ocrx_word' id='word_1_25' title='bbox 255 955 301 1017; x_wconf 79' lang='lat' dir='ltr'><strong>A:</strong></span> <span class='ocrx_word' id='word_1_26' title='bbox 327 952 412 1020; x_wconf 77' lang='lat' dir='ltr'><strong>llcce</strong></span> <span class='ocrx_word' id='word_1_27' title='bbox 435 966 543 1020; x_wconf 86' lang='lat' dir='ltr'>autem</span> <span class='ocrx_word' id='word_1_28' title='bbox 569 955 736 1020; x_wconf 87' lang='lat' dir='ltr'>aedificat:</span> <span class='ocrx_word' id='word_1_29' title='bbox 762 955 943 1020; x_wconf 92' lang='lat' dir='ltr'><strong>columnam</strong></span> <span class='ocrx_word' id='word_1_30' title='bbox 967 964 1073 1018; x_wconf 88' lang='lat' dir='ltr'>monto</span> <span class='ocrx_word' id='word_1_31' title='bbox 1095 954 1217 1038; x_wconf 81' lang='lat' dir='ltr'><strong>suffigit</strong></span> <span class='ocrx_word' id='word_1_32' title='bbox 1240 977 1307 1023; x_wconf 89' lang='lat' dir='ltr'><strong>suo.</strong></span> 
     </span>
     <span class='ocr_line' id='line_1_8' title="bbox 167 1056 1394 1144; baseline 0.002 -25"><span class='ocrx_word' id='word_1_33' title='bbox 167 1057 306 1141; x_wconf 76' lang='lat' dir='ltr'><strong>suffulsit·</strong></span> <span class='ocrx_word' id='word_1_34' title='bbox 327 1056 366 1134; x_wconf 87' lang='lat' dir='ltr'><strong>P,</strong></span> <span class='ocrx_word' id='word_1_35' title='bbox 400 1056 486 1141; x_wconf 88' lang='lat' dir='ltr'>quod</span> <span class='ocrx_word' id='word_1_36' title='bbox 516 1058 559 1122; x_wconf 87' lang='lat' dir='ltr'>ad</span> <span class='ocrx_word' id='word_1_37' title='bbox 592 1059 722 1144; x_wconf 67' lang='lat' dir='ltr'><strong>suffulcit</strong></span> <span class='ocrx_word' id='word_1_38' title='bbox 755 1069 841 1122; x_wconf 89' lang='lat' dir='ltr'><strong>recte</strong></span> <span class='ocrx_word' id='word_1_39' title='bbox 875 1056 1091 1141; x_wconf 85' lang='lat' dir='ltr'><strong>Niemoyerus</strong></span> <span class='ocrx_word' id='word_1_40' title='bbox 1121 1079 1150 1141; x_wconf 91' lang='lat' dir='ltr'><strong>p.</strong></span> <span class='ocrx_word' id='word_1_41' title='bbox 1179 1057 1222 1122; x_wconf 81' lang='lat'><strong>40</strong></span> <span class='ocrx_word' id='word_1_42' title='bbox 1255 1056 1394 1123; x_wconf 85' lang='lat' dir='ltr'><strong>reduxit.</strong></span> 
     </span>
     <span class='ocr_line' id='line_1_9' title="bbox 167 1158 1387 1245; baseline 0 -22"><span class='ocrx_word' id='word_1_43' title='bbox 167 1168 266 1241; x_wconf 80' lang='lat' dir='ltr'>atque</span> <span class='ocrx_word' id='word_1_44' title='bbox 279 1159 431 1244; x_wconf 72' lang='lat' dir='ltr'><strong>mffulcirc</strong></span> <span class='ocrx_word' id='word_1_45' title='bbox 445 1158 580 1245; x_wconf 77' lang='lat' dir='ltr'>imagini</span> <span class='ocrx_word' id='word_1_46' title='bbox 594 1181 635 1224; x_wconf 87' lang='lat' dir='ltr'><strong>ex</strong></span> <span class='ocrx_word' id='word_1_47' title='bbox 652 1159 866 1224; x_wconf 83' lang='lat' dir='ltr'><strong>architectura</strong></span> <span class='ocrx_word' id='word_1_48' title='bbox 882 1158 1072 1243; x_wconf 83' lang='lat' dir='ltr'><strong>desumptae</strong></span> <span class='ocrx_word' id='word_1_49' title='bbox 1094 1160 1387 1225; x_wconf 84' lang='lat' dir='ltr'><strong>accommodatissi-</strong></span> 
     </span>
     <span class='ocr_line' id='line_1_10' title="bbox 172 1261 1393 1349; baseline 0.002 -25"><span class='ocrx_word' id='word_1_50' title='bbox 172 1282 259 1325; x_wconf 85' lang='lat' dir='ltr'>mam</span> <span class='ocrx_word' id='word_1_51' title='bbox 293 1282 364 1326; x_wconf 88' lang='lat' dir='ltr'><strong>esse</strong></span> <span class='ocrx_word' id='word_1_52' title='bbox 392 1284 505 1327; x_wconf 92' lang='lat' dir='ltr'><strong>vocem</strong></span> <span class='ocrx_word' id='word_1_53' title='bbox 536 1262 630 1327; x_wconf 88' lang='lat' dir='ltr'><strong>dccet</strong></span> <span class='ocrx_word' id='word_1_54' title='bbox 658 1264 753 1349; x_wconf 71' lang='lat' dir='ltr'><strong>Epic</strong></span> <span class='ocrx_word' id='word_1_55' title='bbox 778 1265 819 1329; x_wconf 87' lang='grc'><strong>83</strong></span> <span class='ocrx_word' id='word_1_56' title='bbox 839 1284 902 1345; x_wconf 89' lang='lat' dir='ltr'><strong>sq.:</strong></span> <span class='ocrx_word' id='word_1_57' title='bbox 938 1261 1074 1338; x_wconf 80' lang='lat' dir='ltr'>‚Tantae</span> <span class='ocrx_word' id='word_1_58' title='bbox 1102 1261 1135 1325; x_wconf 93' lang='lat' dir='ltr'><strong>in</strong></span> <span class='ocrx_word' id='word_1_59' title='bbox 1157 1272 1188 1326; x_wconf 88' lang='lat' dir='ltr'><strong>te</strong></span> <span class='ocrx_word' id='word_1_60' title='bbox 1215 1263 1393 1348; x_wconf 83' lang='lat' dir='ltr'><strong>inpendent</strong></span> 
     </span>
     <span class='ocr_line' id='line_1_11' title="bbox 168 1363 1394 1449; baseline 0.003 -23"><span class='ocrx_word' id='word_1_61' title='bbox 168 1363 292 1429; x_wconf 89' lang='lat' dir='ltr'><strong>ruinae.</strong></span> <span class='ocrx_word' id='word_1_62' title='bbox 337 1363 397 1427; x_wconf 91' lang='lat' dir='ltr'><strong>nisi</strong></span> <span class='ocrx_word' id='word_1_63' title='bbox 418 1363 564 1430; x_wconf 80' lang='lat' dir='ltr'><strong>suffulcis</strong></span> <span class='ocrx_word' id='word_1_64' title='bbox 586 1365 719 1430; x_wconf 91' lang='lat' dir='ltr'><strong>firmiter</strong></span> <span class='ocrx_word' id='word_1_65' title='bbox 742 1364 817 1430; x_wconf 89' lang='lat' dir='ltr'><strong>Non</strong></span> <span class='ocrx_word' id='word_1_66' title='bbox 842 1375 933 1449; x_wconf 91' lang='lat' dir='ltr'><strong>potes</strong></span> <span class='ocrx_word' id='word_1_67' title='bbox 959 1363 1152 1429; x_wconf 83' lang='lat' dir='ltr'><strong>subsistere:</strong></span> <span class='ocrx_word' id='word_1_68' title='bbox 1175 1364 1285 1449; x_wconf 78' lang='lat' dir='ltr'><strong>itaque</strong></span> <span class='ocrx_word' id='word_1_69' title='bbox 1307 1365 1339 1429; x_wconf 91' lang='lat' dir='ltr'><strong>in</strong></span> <span class='ocrx_word' id='word_1_70' title='bbox 1363 1374 1394 1430; x_wconf 93' lang='lat' dir='ltr'><strong>te</strong></span> 
     </span>
     <span class='ocr_line' id='line_1_12' title="bbox 167 1467 1393 1554; baseline 0.002 -24"><span class='ocrx_word' id='word_1_71' title='bbox 167 1467 299 1530; x_wconf 90' lang='lat' dir='ltr'><strong>inruont</strong></span> <span class='ocrx_word' id='word_1_72' title='bbox 313 1479 438 1532; x_wconf 87' lang='lat' dir='ltr'><strong>montes</strong></span> <span class='ocrx_word' id='word_1_73' title='bbox 459 1468 557 1532; x_wconf 76' lang='lat' dir='ltr'>mali:</span> <span class='ocrx_word' id='word_1_74' title='bbox 587 1467 680 1532; x_wconf 86' lang='lat' dir='ltr'><strong>alteri</strong></span> <span class='ocrx_word' id='word_1_75' title='bbox 701 1479 809 1532; x_wconf 91' lang='lat' dir='ltr'>autem</span> <span class='ocrx_word' id='word_1_76' title='bbox 825 1467 1004 1552; x_wconf 84' lang='lat' dir='ltr'><strong>scripturae</strong></span> <span class='ocrx_word' id='word_1_77' title='bbox 1020 1469 1108 1531; x_wconf 83' lang='lat' dir='ltr'><strong>lavet</strong></span> <span class='ocrx_word' id='word_1_78' title='bbox 1128 1467 1215 1550; x_wconf 91' lang='lat' dir='ltr'><strong>quod</strong></span> <span class='ocrx_word' id='word_1_79' title='bbox 1232 1467 1393 1554; x_wconf 80' lang='lat' dir='ltr'><strong>Apuleius</strong></span> 
     </span>
     <span class='ocr_line' id='line_1_13' title="bbox 168 1567 1392 1657; baseline 0.002 -25"><span class='ocrx_word' id='word_1_80' title='bbox 168 1567 280 1633; x_wconf 83' lang='lat' dir='ltr'><strong>Plauti</strong></span> <span class='ocrx_word' id='word_1_81' title='bbox 290 1568 433 1635; x_wconf 80' lang='lat' dir='ltr'><strong>imitator</strong></span> <span class='ocrx_word' id='word_1_82' title='bbox 444 1571 517 1636; x_wconf 81' lang='lat' dir='ltr'><strong>Met.</strong></span> <span class='ocrx_word' id='word_1_83' title='bbox 529 1569 568 1635; x_wconf 94' lang='lat' dir='ltr'>X</span> <span class='ocrx_word' id='word_1_84' title='bbox 581 1571 619 1634; x_wconf 81' lang='lat'><strong>17</strong></span> <span class='ocrx_word' id='word_1_85' title='bbox 638 1569 757 1647; x_wconf 87' lang='lat' dir='ltr'><strong>‚cubito</strong></span> <span class='ocrx_word' id='word_1_86' title='bbox 769 1570 887 1635; x_wconf 86' lang='lat' dir='ltr'><strong>suffixo</strong></span> <span class='ocrx_word' id='word_1_87' title='bbox 898 1573 1059 1657; x_wconf 81' lang='lat' dir='ltr'><strong>(mensam</strong></span> <span class='ocrx_word' id='word_1_88' title='bbox 1072 1569 1288 1655; x_wconf 78' lang='lat' dir='ltr'><strong>accumbere)‘</strong></span> <span class='ocrx_word' id='word_1_89' title='bbox 1304 1571 1392 1635; x_wconf 88' lang='lat' dir='ltr'><strong>dicit.</strong></span> 
     </span>
     <span class='ocr_line' id='line_1_14' title="bbox 213 1671 394 1738; baseline -0.006 0"><span class='ocrx_word' id='word_1_90' title='bbox 213 1671 306 1738; x_wconf 73' lang='lat' dir='ltr'><strong>stou</strong></span> <span class='ocrx_word' id='word_1_91' title='bbox 331 1671 394 1737; x_wconf 80' lang='lat'><strong>237</strong></span> 
     </span>
     <span class='ocr_line' id='line_1_15' title="bbox 254 1773 1391 1861; baseline 0 -23"><span class='ocrx_word' id='word_1_92' title='bbox 254 1774 302 1838; x_wconf 92' lang='lat' dir='ltr'><strong>A:</strong></span> <span class='ocrx_word' id='word_1_93' title='bbox 325 1773 437 1839; x_wconf 88' lang='lat' dir='ltr'>Adibo</span> <span class='ocrx_word' id='word_1_94' title='bbox 468 1773 510 1838; x_wconf 91' lang='lat' dir='ltr'>ad</span> <span class='ocrx_word' id='word_1_95' title='bbox 548 1774 757 1860; x_wconf 76' lang='lat' dir='ltr'><strong>bominemll</strong></span> <span class='ocrx_word' id='word_1_96' title='bbox 791 1775 864 1861; x_wconf 90' lang='lat' dir='ltr'><strong>quis</strong></span> <span class='ocrx_word' id='word_1_97' title='bbox 897 1775 977 1838; x_wconf 89' lang='lat' dir='ltr'><strong>haec</strong></span> <span class='ocrx_word' id='word_1_98' title='bbox 1005 1783 1074 1851; x_wconf 84' lang='lat' dir='ltr'><strong>est,</strong></span> <span class='ocrx_word' id='word_1_99' title='bbox 1111 1797 1195 1861; x_wconf 90' lang='lat' dir='ltr'><strong>quae</strong></span> <span class='ocrx_word' id='word_1_100' title='bbox 1223 1774 1303 1839; x_wconf 92' lang='lat' dir='ltr'><strong>mihi</strong></span> <span class='ocrx_word' id='word_1_101' title='bbox 1336 1775 1391 1838; x_wconf 93' lang='lat' dir='ltr'><strong>ad·</strong></span> 
     </span>
     <span class='ocr_line' id='line_1_16' title="bbox 771 1878 1252 1943; baseline 0.01 -5"><span class='ocrx_word' id='word_1_102' title='bbox 771 1907 774 1912; x_wconf 96' lang='lat'><em>·</em></span> <span class='ocrx_word' id='word_1_103' title='bbox 987 1898 1118 1942; x_wconf 85' lang='lat' dir='ltr'><strong>vorsum</strong></span> <span class='ocrx_word' id='word_1_104' title='bbox 1141 1878 1252 1943; x_wconf 82' lang='lat' dir='ltr'><strong>venit?</strong></span> 
     </span>
     <span class='ocr_line' id='line_1_17' title="bbox 204 1978 1396 2065; baseline 0.001 -22"><span class='ocrx_word' id='word_1_105' title='bbox 204 1998 226 2046; x_wconf 68' lang='grc'><strong>“,</strong></span> <span class='ocrx_word' id='word_1_106' title='bbox 254 1980 298 2044; x_wconf 94' lang='lat' dir='ltr'><strong>P:</strong></span> <span class='ocrx_word' id='word_1_107' title='bbox 322 1978 433 2044; x_wconf 88' lang='lat' dir='ltr'>Adibo</span> <span class='ocrx_word' id='word_1_108' title='bbox 456 1978 497 2042; x_wconf 91' lang='lat' dir='ltr'>ad</span> <span class='ocrx_word' id='word_1_109' title='bbox 528 1979 700 2050; x_wconf 86' lang='lat' dir='ltr'><strong>hominem.</strong></span> <span class='ocrx_word' id='word_1_110' title='bbox 724 1980 732 2065; x_wconf 71' lang='lat' dir='ltr'><strong>ll</strong></span> <span class='ocrx_word' id='word_1_111' title='bbox 754 1980 826 2063; x_wconf 90' lang='lat' dir='ltr'><strong>quis</strong></span> <span class='ocrx_word' id='word_1_112' title='bbox 858 1980 939 2044; x_wconf 90' lang='lat' dir='ltr'><strong>haec</strong></span> <span class='ocrx_word' id='word_1_113' title='bbox 966 1990 1029 2056; x_wconf 86' lang='lat' dir='ltr'>eat,</span> <span class='ocrx_word' id='word_1_114' title='bbox 1059 2002 1143 2063; x_wconf 91' lang='lat' dir='ltr'>quae</span> <span class='ocrx_word' id='word_1_115' title='bbox 1172 1980 1344 2046; x_wconf 81' lang='lat' dir='ltr'><strong>advorsum</strong></span> <span class='ocrx_word' id='word_1_116' title='bbox 1372 1980 1396 2044; x_wconf 94' lang='lat' dir='ltr'><strong>it</strong></span> 
     </span>
     <span class='ocr_line' id='line_1_18' title="bbox 619 2082 1091 2150; baseline 0 0"><span class='ocrx_word' id='word_1_117' title='bbox 619 2147 621 2150; x_wconf 84' lang='lat'>.</span> <span class='ocrx_word' id='word_1_118' title='bbox 987 2082 1091 2150; x_wconf 80' lang='lat' dir='ltr'><strong>mihi?</strong></span> 
     </span>
     <span class='ocr_line' id='line_1_19' title="bbox 169 2183 1396 2250; baseline 0 -3"><span class='ocrx_word' id='word_1_119' title='bbox 169 2184 326 2249; x_wconf 80' lang='lat' dir='ltr'><strong>Goetzius</strong></span> <span class='ocrx_word' id='word_1_120' title='bbox 351 2183 601 2249; x_wconf 81' lang='lat' dir='ltr'><strong>Fleckeisenum</strong></span> <span class='ocrx_word' id='word_1_121' title='bbox 628 2194 757 2249; x_wconf 88' lang='lat' dir='ltr'><strong>secutus</strong></span> <span class='ocrx_word' id='word_1_122' title='bbox 785 2183 994 2248; x_wconf 88' lang='lat' dir='ltr'><strong>Ambrosiani</strong></span> <span class='ocrx_word' id='word_1_123' title='bbox 1024 2206 1152 2248; x_wconf 88' lang='lat' dir='ltr'><strong>versum</strong></span> <span class='ocrx_word' id='word_1_124' title='bbox 1180 2184 1227 2249; x_wconf 89' lang='lat' dir='ltr'>ita</span> <span class='ocrx_word' id='word_1_125' title='bbox 1255 2185 1396 2250; x_wconf 89' lang='lat' dir='ltr'><strong>redinte-</strong></span> 
     </span>
     <span class='ocr_line' id='line_1_20' title="bbox 168 2285 1395 2374; baseline 0.002 -25"><span class='ocrx_word' id='word_1_126' title='bbox 168 2286 290 2371; x_wconf 80' lang='lat' dir='ltr'>gravit:</span> <span class='ocrx_word' id='word_1_127' title='bbox 308 2286 430 2366; x_wconf 84' lang='lat' dir='ltr'>,Adibo</span> <span class='ocrx_word' id='word_1_128' title='bbox 446 2286 488 2351; x_wconf 88' lang='lat' dir='ltr'>ad</span> <span class='ocrx_word' id='word_1_129' title='bbox 503 2287 675 2354; x_wconf 84' lang='lat' dir='ltr'><strong>hominem.</strong></span> <span class='ocrx_word' id='word_1_130' title='bbox 688 2287 696 2373; x_wconf 76' lang='lat' dir='ltr'><strong>ll</strong></span> <span class='ocrx_word' id='word_1_131' title='bbox 709 2285 780 2374; x_wconf 88' lang='lat' dir='ltr'><strong>quis</strong></span> <span class='ocrx_word' id='word_1_132' title='bbox 793 2287 874 2352; x_wconf 91' lang='lat' dir='ltr'>haec</span> <span class='ocrx_word' id='word_1_133' title='bbox 897 2299 954 2362; x_wconf 99' lang='grc' dir='ltr'>θεῖ,</span> <span class='ocrx_word' id='word_1_134' title='bbox 971 2309 1054 2373; x_wconf 89' lang='lat' dir='ltr'>quae</span> <span class='ocrx_word' id='word_1_135' title='bbox 1072 2286 1244 2353; x_wconf 84' lang='lat' dir='ltr'>advorsum</span> <span class='ocrx_word' id='word_1_136' title='bbox 1257 2287 1395 2358; x_wconf 76' lang='lat' dir='ltr'><strong>venitl‘3</strong></span> 
     </span>
     <span class='ocr_line' id='line_1_21' title="bbox 168 2388 1396 2476; baseline 0 -22"><span class='ocrx_word' id='word_1_137' title='bbox 168 2401 200 2454; x_wconf 89' lang='lat' dir='ltr'><strong>et</strong></span> <span class='ocrx_word' id='word_1_138' title='bbox 233 2388 281 2459; x_wconf 91' lang='lat' dir='ltr'><strong>sic</strong></span> <span class='ocrx_word' id='word_1_139' title='bbox 303 2389 444 2462; x_wconf 84' lang='lat' dir='ltr'><strong>voluisse</strong></span> <span class='ocrx_word' id='word_1_140' title='bbox 478 2400 642 2454; x_wconf 84' lang='lat' dir='ltr'><strong>auctorem</strong></span> <span class='ocrx_word' id='word_1_141' title='bbox 676 2388 871 2454; x_wconf 82' lang='lat' dir='ltr'><strong>recensionis</strong></span> <span class='ocrx_word' id='word_1_142' title='bbox 904 2388 1140 2455; x_wconf 77' lang='lat' dir='ltr'><strong>Ambrosianus</strong></span> <span class='ocrx_word' id='word_1_143' title='bbox 1174 2411 1235 2475; x_wconf 87' lang='lat' dir='ltr'><strong>ego</strong></span> <span class='ocrx_word' id='word_1_144' title='bbox 1267 2412 1396 2476; x_wconf 88' lang='lat' dir='ltr'><strong>quoque</strong></span> 
     </span>
     <span class='ocr_line' id='line_1_22' title="bbox 168 2491 1395 2579; baseline 0 -23"><span class='ocrx_word' id='word_1_145' title='bbox 168 2491 276 2556; x_wconf 90' lang='lat' dir='ltr'><strong>credo.</strong></span> <span class='ocrx_word' id='word_1_146' title='bbox 320 2492 424 2579; x_wconf 87' lang='lat' dir='ltr'><strong>potuit</strong></span> <span class='ocrx_word' id='word_1_147' title='bbox 447 2502 556 2557; x_wconf 88' lang='lat' dir='ltr'><strong>autem</strong></span> <span class='ocrx_word' id='word_1_148' title='bbox 584 2491 652 2556; x_wconf 89' lang='lat' dir='ltr'><strong>fieri</strong></span> <span class='ocrx_word' id='word_1_149' title='bbox 683 2492 805 2556; x_wconf 88' lang='lat' dir='ltr'>utiam</span> <span class='ocrx_word' id='word_1_150' title='bbox 833 2492 868 2556; x_wconf 94' lang='lat' dir='ltr'><strong>in</strong></span> <span class='ocrx_word' id='word_1_151' title='bbox 890 2493 1067 2578; x_wconf 90' lang='lat' dir='ltr'><strong>archetypo</strong></span> <span class='ocrx_word' id='word_1_152' title='bbox 1096 2492 1264 2576; x_wconf 88' lang='lat' dir='ltr'><strong>utriusque</strong></span> <span class='ocrx_word' id='word_1_153' title='bbox 1287 2513 1395 2557; x_wconf 88' lang='lat' dir='ltr'><strong>recen·</strong></span> 
     </span>
     <span class='ocr_line' id='line_1_23' title="bbox 170 2593 1395 2683; baseline -0.002 -24"><span class='ocrx_word' id='word_1_154' title='bbox 170 2594 270 2659; x_wconf 91' lang='lat' dir='ltr'><strong>sionis</strong></span> <span class='ocrx_word' id='word_1_155' title='bbox 293 2595 456 2660; x_wconf 90' lang='lat' dir='ltr'><strong>communi</strong></span> <span class='ocrx_word' id='word_1_156' title='bbox 478 2595 555 2658; x_wconf 78' lang='lat' dir='ltr'><strong>midi</strong></span> <span class='ocrx_word' id='word_1_157' title='bbox 580 2594 808 2681; x_wconf 90' lang='lat' dir='ltr'><strong>interpolatum</strong></span> <span class='ocrx_word' id='word_1_158' title='bbox 832 2594 941 2671; x_wconf 86' lang='lat' dir='ltr'><strong>inerit,</strong></span> <span class='ocrx_word' id='word_1_159' title='bbox 964 2595 1049 2658; x_wconf 91' lang='lat' dir='ltr'><strong>unde</strong></span> <span class='ocrx_word' id='word_1_160' title='bbox 1079 2616 1191 2657; x_wconf 86' lang='lat' dir='ltr'>ansam</span> <span class='ocrx_word' id='word_1_161' title='bbox 1214 2593 1395 2683; x_wconf 87' lang='lat' dir='ltr'><strong>corrigendi</strong></span> 
     </span>
     <span class='ocr_line' id='line_1_24' title="bbox 171 2693 1393 2782; baseline -0.002 -22"><span class='ocrx_word' id='word_1_162' title='bbox 171 2697 296 2782; x_wconf 88' lang='lat' dir='ltr'><strong>ceperit</strong></span> <span class='ocrx_word' id='word_1_163' title='bbox 311 2697 483 2762; x_wconf 86' lang='lat' dir='ltr'>Palatinae</span> <span class='ocrx_word' id='word_1_164' title='bbox 506 2696 702 2770; x_wconf 81' lang='lat' dir='ltr'><strong>recensionis</strong></span> <span class='ocrx_word' id='word_1_165' title='bbox 718 2704 838 2761; x_wconf 90' lang='lat' dir='ltr'><strong>auctor.</strong></span> <span class='ocrx_word' id='word_1_166' title='bbox 873 2695 929 2759; x_wconf 87' lang='lat' dir='ltr'><strong>scd</strong></span> <span class='ocrx_word' id='word_1_167' title='bbox 954 2698 1089 2759; x_wconf 87' lang='lat' dir='ltr'><strong>fortasse</strong></span> <span class='ocrx_word' id='word_1_168' title='bbox 1105 2693 1265 2779; x_wconf 81' lang='lat' dir='ltr'><strong>Seyfferto</strong></span> <span class='ocrx_word' id='word_1_169' title='bbox 1283 2695 1393 2758; x_wconf 79' lang='lat' dir='ltr'><strong>Philol.</strong></span> 
     </span>
     <span class='ocr_line' id='line_1_25' title="bbox 167 2796 1416 2885; baseline -0.002 -21"><span class='ocrx_word' id='word_1_170' title='bbox 167 2798 303 2872; x_wconf 85' lang='lat' dir='ltr'>XXIX</span> <span class='ocrx_word' id='word_1_171' title='bbox 328 2821 360 2885; x_wconf 62' lang='lat' dir='ltr'><strong>pa</strong></span> <span class='ocrx_word' id='word_1_172' title='bbox 383 2799 459 2874; x_wconf 19' lang='lat'><strong>412:</strong></span> <span class='ocrx_word' id='word_1_173' title='bbox 474 2797 721 2873; x_wconf 78' lang='lat' dir='ltr'><strong>adsentiendum</strong></span> <span class='ocrx_word' id='word_1_174' title='bbox 745 2809 810 2875; x_wconf 91' lang='lat' dir='ltr'><strong>est,</strong></span> <span class='ocrx_word' id='word_1_175' title='bbox 844 2798 898 2882; x_wconf 91' lang='lat' dir='ltr'><strong>qui</strong></span> <span class='ocrx_word' id='word_1_176' title='bbox 926 2797 1093 2862; x_wconf 86' lang='lat' dir='ltr'><strong>Palatinos</strong></span> <span class='ocrx_word' id='word_1_177' title='bbox 1121 2819 1201 2882; x_wconf 91' lang='lat' dir='ltr'><strong>pure</strong></span> <span class='ocrx_word' id='word_1_178' title='bbox 1232 2796 1416 2882; x_wconf 72' lang='lat' dir='ltr'><strong>probavit:</strong></span> 
     </span>
     <span class='ocr_line' id='line_1_26' title="bbox 168 2899 1075 2986; baseline -0.001 -21"><span class='ocrx_word' id='word_1_179' title='bbox 168 2901 360 2981; x_wconf 60' lang='lat' dir='ltr'><strong>milirssnlm·</strong></span> <span class='ocrx_word' id='word_1_180' title='bbox 375 2902 464 2976; x_wconf 74' lang='lat' dir='ltr'><strong>ian</strong></span> <span class='ocrx_word' id='word_1_181' title='bbox 487 2923 504 2966; x_wconf 96' lang='lat' dir='ltr'><strong>e</strong></span> <span class='ocrx_word' id='word_1_182' title='bbox 527 2899 651 2966; x_wconf 89' lang='lat' dir='ltr'><strong>librarii</strong></span> <span class='ocrx_word' id='word_1_183' title='bbox 663 2901 805 2986; x_wconf 43' lang='lat' dir='ltr'><strong>,ingenio</strong></span> <span class='ocrx_word' id='word_1_184' title='bbox 827 2901 942 2971; x_wconf 91' lang='lat' dir='ltr'><strong>inferri</strong></span> <span class='ocrx_word' id='word_1_185' title='bbox 963 2900 1075 2985; x_wconf 88' lang='lat' dir='ltr'><strong>potuit.</strong></span> 
     </span>
     <span class='ocr_line' id='line_1_27' title="bbox 253 3001 1061 3068; baseline -0.001 -1"><span class='ocrx_word' id='word_1_186' title='bbox 253 3002 381 3068; x_wconf 89' lang='lat' dir='ltr'><strong>Merum</strong></span> <span class='ocrx_word' id='word_1_187' title='bbox 403 3002 529 3067; x_wconf 91' lang='lat' dir='ltr'><strong>librarii</strong></span> <span class='ocrx_word' id='word_1_188' title='bbox 552 3023 691 3067; x_wconf 86' lang='lat' dir='ltr'><strong>errorem</strong></span> <span class='ocrx_word' id='word_1_189' title='bbox 715 3002 846 3067; x_wconf 90' lang='lat' dir='ltr'><strong>subesse</strong></span> <span class='ocrx_word' id='word_1_190' title='bbox 869 3001 1061 3068; x_wconf 79' lang='lat' dir='ltr'>crediderim</span> 
     </span>
     <span class='ocr_line' id='line_1_28' title="bbox 211 3105 411 3172; baseline -0.005 -1"><span class='ocrx_word' id='word_1_191' title='bbox 211 3107 324 3171; x_wconf 79' lang='lat' dir='ltr'><strong>Pseud.</strong></span> <span class='ocrx_word' id='word_1_192' title='bbox 341 3105 411 3172; x_wconf 79' lang='grc'><strong>,593</strong></span> 
     </span>
     <span class='ocr_line' id='line_1_29' title="bbox 246 3197 1160 3294; baseline -0.002 -22"><span class='ocrx_word' id='word_1_193' title='bbox 246 3197 300 3272; x_wconf 79' lang='lat' dir='ltr'><strong>A:</strong></span> <span class='ocrx_word' id='word_1_194' title='bbox 323 3206 547 3284; x_wconf 83' lang='lat' dir='ltr'><strong>Lubetscire,</strong></span> <span class='ocrx_word' id='word_1_195' title='bbox 570 3206 648 3294; x_wconf 83' lang='lat' dir='ltr'><strong>quid</strong></span> <span class='ocrx_word' id='word_1_196' title='bbox 670 3206 723 3271; x_wconf 91' lang='lat' dir='ltr'><strong>hic</strong></span> <span class='ocrx_word' id='word_1_197' title='bbox 745 3207 869 3271; x_wconf 87' lang='lat' dir='ltr'><strong>venerit</strong></span> <span class='ocrx_word' id='word_1_198' title='bbox 892 3228 965 3271; x_wconf 88' lang='lat' dir='ltr'><strong>cum</strong></span> <span class='ocrx_word' id='word_1_199' title='bbox 988 3207 1160 3272; x_wconf 81' lang='lat' dir='ltr'>machaera</span> 
     </span>
     <span class='ocr_line' id='line_1_30' title="bbox 251 3296 1124 3398; baseline -0.003 -23"><span class='ocrx_word' id='word_1_200' title='bbox 251 3310 295 3376; x_wconf 90' lang='lat' dir='ltr'><strong>P:</strong></span> <span class='ocrx_word' id='word_1_201' title='bbox 320 3310 427 3377; x_wconf 83' lang='lat' dir='ltr'><strong>Lubet</strong></span> <span class='ocrx_word' id='word_1_202' title='bbox 449 3296 544 3388; x_wconf 87' lang='lat' dir='ltr'><strong>scire,</strong></span> <span class='ocrx_word' id='word_1_203' title='bbox 568 3312 647 3398; x_wconf 92' lang='lat' dir='ltr'><strong>quid</strong></span> <span class='ocrx_word' id='word_1_204' title='bbox 670 3312 723 3376; x_wconf 92' lang='lat' dir='ltr'><strong>hic</strong></span> <span class='ocrx_word' id='word_1_205' title='bbox 746 3309 823 3374; x_wconf 92' lang='lat' dir='ltr'><strong>velit</strong></span> <span class='ocrx_word' id='word_1_206' title='bbox 843 3332 917 3374; x_wconf 93' lang='lat' dir='ltr'><strong>cum</strong></span> <span class='ocrx_word' id='word_1_207' title='bbox 941 3309 1124 3373; x_wconf 85' lang='lat' dir='ltr'>machaera.</span> 
     </span>
     <span class='ocr_line' id='line_1_31' title="bbox 164 3408 1393 3499; baseline -0.002 -23"><span class='ocrx_word' id='word_1_208' title='bbox 164 3435 243 3476; x_wconf 91' lang='lat' dir='ltr'>nam</span> <span class='ocrx_word' id='word_1_209' title='bbox 266 3412 325 3477; x_wconf 87' lang='lat' dir='ltr'><strong>etsi</strong></span> <span class='ocrx_word' id='word_1_210' title='bbox 347 3413 416 3476; x_wconf 86' lang='lat' dir='ltr'><strong>velit</strong></span> <span class='ocrx_word' id='word_1_211' title='bbox 430 3435 496 3476; x_wconf 92' lang='lat' dir='ltr'><strong>non</strong></span> <span class='ocrx_word' id='word_1_212' title='bbox 517 3412 623 3476; x_wconf 91' lang='lat' dir='ltr'><strong>minus</strong></span> <span class='ocrx_word' id='word_1_213' title='bbox 647 3424 759 3499; x_wconf 88' lang='lat' dir='ltr'><strong>aptum</strong></span> <span class='ocrx_word' id='word_1_214' title='bbox 782 3424 831 3476; x_wconf 88' lang='lat' dir='ltr'><strong>est</strong></span> <span class='ocrx_word' id='word_1_215' title='bbox 859 3435 957 3496; x_wconf 92' lang='lat' dir='ltr'>quam</span> <span class='ocrx_word' id='word_1_216' title='bbox 980 3415 1090 3475; x_wconf 67' lang='lat' dir='ltr'><strong>venuit</strong></span> <span class='ocrx_word' id='word_1_217' title='bbox 1104 3450 1147 3459; x_wconf 88' lang='lat'>—</span> <span class='ocrx_word' id='word_1_218' title='bbox 1163 3413 1203 3476; x_wconf 83' lang='lat' dir='ltr'><strong>cf.</strong></span> <span class='ocrx_word' id='word_1_219' title='bbox 1218 3413 1311 3478; x_wconf 80' lang='lat' dir='ltr'><strong>Poro.</strong></span> <span class='ocrx_word' id='word_1_220' title='bbox 1329 3408 1393 3478; x_wconf 78' lang='lat'><strong>992</strong></span> 
     </span>
     <span class='ocr_line' id='line_1_32' title="bbox 166 3513 1395 3602; baseline 0 -23"><span class='ocrx_word' id='word_1_221' title='bbox 166 3513 247 3596; x_wconf 79' lang='lat' dir='ltr'>‚Adi</span> <span class='ocrx_word' id='word_1_222' title='bbox 280 3526 378 3602; x_wconf 87' lang='lat' dir='ltr'><strong>atque</strong></span> <span class='ocrx_word' id='word_1_223' title='bbox 410 3513 556 3600; x_wconf 84' lang='lat' dir='ltr'><strong>appella,</strong></span> <span class='ocrx_word' id='word_1_224' title='bbox 591 3515 669 3601; x_wconf 91' lang='lat' dir='ltr'><strong>quid</strong></span> <span class='ocrx_word' id='word_1_225' title='bbox 704 3514 795 3592; x_wconf 88' lang='lat' dir='ltr'><strong>velit,</strong></span> <span class='ocrx_word' id='word_1_226' title='bbox 829 3514 907 3601; x_wconf 90' lang='lat' dir='ltr'><strong>quid</strong></span> <span class='ocrx_word' id='word_1_227' title='bbox 942 3515 1074 3578; x_wconf 87' lang='lat' dir='ltr'><strong>venerit‘</strong></span> <span class='ocrx_word' id='word_1_228' title='bbox 1099 3527 1272 3579; x_wconf 89' lang='lat' dir='ltr'>-tamen</span> <span class='ocrx_word' id='word_1_229' title='bbox 1300 3514 1395 3599; x_wconf 88' lang='lat' dir='ltr'><strong>quale</strong></span> 
     </span>
     <span class='ocr_line' id='line_1_33' title="bbox 167 3616 1298 3703; baseline 0.004 -23"><span class='ocrx_word' id='word_1_230' title='bbox 167 3621 307 3682; x_wconf 87' lang='lat' dir='ltr'><strong>metrum</strong></span> <span class='ocrx_word' id='word_1_231' title='bbox 329 3618 526 3681; x_wconf 83' lang='lat' dir='ltr'><strong>formaturus</strong></span> <span class='ocrx_word' id='word_1_232' title='bbox 548 3616 645 3681; x_wconf 86' lang='lat' dir='ltr'><strong>fuerit</strong></span> <span class='ocrx_word' id='word_1_233' title='bbox 668 3629 830 3681; x_wconf 89' lang='lat' dir='ltr'><strong>corrector</strong></span> <span class='ocrx_word' id='word_1_234' title='bbox 853 3617 1043 3703; x_wconf 88' lang='lat' dir='ltr'><strong>intellegere</strong></span> <span class='ocrx_word' id='word_1_235' title='bbox 1067 3640 1131 3682; x_wconf 90' lang='lat' dir='ltr'><strong>non</strong></span> <span class='ocrx_word' id='word_1_236' title='bbox 1154 3639 1298 3703; x_wconf 89' lang='lat' dir='ltr'><strong>possum.</strong></span> 
     </span>
     <span class='ocr_line' id='line_1_34' title="bbox 164 3715 1393 3808; baseline -0.005 -20"><span class='ocrx_word' id='word_1_237' title='bbox 164 3728 239 3767; x_wconf 56' lang='lat' dir='ltr'><em>s</em></span> <span class='ocrx_word' id='word_1_238' title='bbox 254 3718 374 3788; x_wconf 87' lang='lat' dir='ltr'><strong>Verbis</strong></span> <span class='ocrx_word' id='word_1_239' title='bbox 396 3719 480 3784; x_wconf 89' lang='lat' dir='ltr'><strong>inter</strong></span> <span class='ocrx_word' id='word_1_240' title='bbox 496 3741 530 3784; x_wconf 90' lang='lat' dir='ltr'><strong>se</strong></span> <span class='ocrx_word' id='word_1_241' title='bbox 553 3715 686 3784; x_wconf 83' lang='lat' dir='ltr'><strong>mutatis</strong></span> <span class='ocrx_word' id='word_1_242' title='bbox 703 3719 826 3785; x_wconf 85' lang='lat' dir='ltr'><strong>subicio</strong></span> <span class='ocrx_word' id='word_1_243' title='bbox 850 3742 904 3784; x_wconf 88' lang='lat' dir='ltr'><strong>eas</strong></span> <span class='ocrx_word' id='word_1_244' title='bbox 921 3718 1127 3798; x_wconf 84' lang='lat' dir='ltr'><strong>differentias,</strong></span> <span class='ocrx_word' id='word_1_245' title='bbox 1151 3718 1267 3808; x_wconf 90' lang='lat' dir='ltr'><strong>quibus</strong></span> <span class='ocrx_word' id='word_1_246' title='bbox 1292 3721 1393 3785; x_wconf 88' lang='lat' dir='ltr'>altera</span> 
     </span>
     <span class='ocr_line' id='line_1_35' title="bbox 165 3811 1394 3911; baseline -0.001 -24"><span class='ocrx_word' id='word_1_247' title='bbox 165 3811 312 3888; x_wconf 77' lang='lat' dir='ltr'><strong>recensio</strong></span> <span class='ocrx_word' id='word_1_248' title='bbox 336 3823 470 3887; x_wconf 90' lang='lat' dir='ltr'><strong>verbum</strong></span> <span class='ocrx_word' id='word_1_249' title='bbox 494 3823 642 3911; x_wconf 86' lang='lat' dir='ltr'><strong>simplex,</strong></span> <span class='ocrx_word' id='word_1_250' title='bbox 667 3822 767 3886; x_wconf 89' lang='lat' dir='ltr'>altera</span> <span class='ocrx_word' id='word_1_251' title='bbox 799 3826 1012 3907; x_wconf 90' lang='lat' dir='ltr'><strong>compositum</strong></span> <span class='ocrx_word' id='word_1_252' title='bbox 1042 3821 1176 3911; x_wconf 85' lang='lat' dir='ltr'><strong>praebet</strong></span> <span class='ocrx_word' id='word_1_253' title='bbox 1198 3823 1250 3886; x_wconf 88' lang='lat' dir='ltr'><strong>vel</strong></span> <span class='ocrx_word' id='word_1_254' title='bbox 1274 3821 1394 3906; x_wconf 86' lang='lat' dir='ltr'><strong>quibus</strong></span> 
     </span>
     <span class='ocr_line' id='line_1_36' title="bbox 166 3913 1395 4010; baseline -0.003 -20"><span class='ocrx_word' id='word_1_255' title='bbox 166 3925 297 3991; x_wconf 89' lang='lat' dir='ltr'><strong>diversa</strong></span> <span class='ocrx_word' id='word_1_256' title='bbox 326 3926 470 3992; x_wconf 89' lang='lat' dir='ltr'><strong>eiusdem</strong></span> <span class='ocrx_word' id='word_1_257' title='bbox 500 3926 593 3992; x_wconf 87' lang='lat' dir='ltr'><strong>verbi</strong></span> <span class='ocrx_word' id='word_1_258' title='bbox 616 3924 772 4010; x_wconf 87' lang='lat' dir='ltr'><strong>simplicis</strong></span> <span class='ocrx_word' id='word_1_259' title='bbox 803 3925 979 4009; x_wconf 90' lang='lat' dir='ltr'><strong>composita</strong></span> <span class='ocrx_word' id='word_1_260' title='bbox 1007 3926 1040 3988; x_wconf 93' lang='lat' dir='ltr'><strong>in</strong></span> <span class='ocrx_word' id='word_1_261' title='bbox 1064 3913 1229 3989; x_wconf 89' lang='lat' dir='ltr'><strong>codicibus</strong></span> <span class='ocrx_word' id='word_1_262' title='bbox 1263 3927 1395 3988; x_wconf 72' lang='lat' dir='ltr'><strong>circum·-</strong></span> 
     </span>
     <span class='ocr_line' id='line_1_37' title="bbox 164 4013 1392 4115; baseline -0.003 -23"><span class='ocrx_word' id='word_1_263' title='bbox 164 4029 327 4110; x_wconf 84' lang='lat' dir='ltr'><strong>feruntur,</strong></span> <span class='ocrx_word' id='word_1_264' title='bbox 364 4027 475 4115; x_wconf 85' lang='lat' dir='ltr'><strong>quales</strong></span> <span class='ocrx_word' id='word_1_265' title='bbox 510 4027 707 4093; x_wconf 86' lang='lat' dir='ltr'><strong>differentias</strong></span> <span class='ocrx_word' id='word_1_266' title='bbox 740 4050 803 4092; x_wconf 91' lang='lat' dir='ltr'><strong>non</strong></span> <span class='ocrx_word' id='word_1_267' title='bbox 834 4028 967 4114; x_wconf 87' lang='lat' dir='ltr'><strong>ignarus</strong></span> <span class='ocrx_word' id='word_1_268' title='bbox 996 4050 1067 4091; x_wconf 92' lang='lat' dir='ltr'><strong>sum</strong></span> <span class='ocrx_word' id='word_1_269' title='bbox 1095 4049 1115 4090; x_wconf 90' lang='lat' dir='ltr'>a</span> <span class='ocrx_word' id='word_1_270' title='bbox 1141 4013 1330 4110; x_wconf 76' lang='lat' dir='ltr'><strong>magistellis</strong></span> <span class='ocrx_word' id='word_1_271' title='bbox 1360 4039 1392 4089; x_wconf 93' lang='grc' dir='ltr'><strong>θῖ</strong></span> 
     </span>
     <span class='ocr_line' id='line_1_38' title="bbox 165 4127 1391 4215; baseline -0.004 -21"><span class='ocrx_word' id='word_1_272' title='bbox 165 4129 318 4195; x_wconf 86' lang='lat' dir='ltr'><strong>librariis·</strong></span> <span class='ocrx_word' id='word_1_273' title='bbox 345 4133 418 4194; x_wconf 87' lang='lat' dir='ltr'><strong>non·</strong></span> <span class='ocrx_word' id='word_1_274' title='bbox 443 4129 556 4215; x_wconf 89' lang='lat' dir='ltr'><strong>paucis</strong></span> <span class='ocrx_word' id='word_1_275' title='bbox 592 4130 670 4196; x_wconf 87' lang='lat' dir='ltr'><strong>locis</strong></span> <span class='ocrx_word' id='word_1_276' title='bbox 705 4130 865 4215; x_wconf 83' lang='lat' dir='ltr'><strong>proiectas</strong></span> <span class='ocrx_word' id='word_1_277' title='bbox 886 4141 929 4194; x_wconf 48' lang='lat' dir='ltr'><strong>‘et</strong></span> <span class='ocrx_word' id='word_1_278' title='bbox 955 4130 997 4194; x_wconf 89' lang='lat' dir='ltr'>ad</span> <span class='ocrx_word' id='word_1_279' title='bbox 1025 4151 1079 4194; x_wconf 89' lang='lat' dir='ltr'><strong>eos</strong></span> <span class='ocrx_word' id='word_1_280' title='bbox 1112 4128 1233 4214; x_wconf 90' lang='lat' dir='ltr'><strong>ubique</strong></span> <span class='ocrx_word' id='word_1_281' title='bbox 1261 4128 1302 4191; x_wconf 59' lang='lat' dir='ltr'><strong>a&#39;,</strong></span> <span class='ocrx_word' id='word_1_282' title='bbox 1315 4127 1391 4190; x_wconf 89' lang='lat' dir='ltr'><strong>viris</strong></span> 
     </span>
     <span class='ocr_line' id='line_1_39' title="bbox 165 4231 1412 4318; baseline -0.003 -21"><span class='ocrx_word' id='word_1_283' title='bbox 165 4232 270 4297; x_wconf 89' lang='lat' dir='ltr'><strong>doctis</strong></span> <span class='ocrx_word' id='word_1_284' title='bbox 299 4231 417 4297; x_wconf 84' lang='lat' dir='ltr'><strong>relatas</strong></span> <span class='ocrx_word' id='word_1_285' title='bbox 451 4254 538 4310; x_wconf 77' lang='lat' dir='ltr'><strong>esse:</strong></span> <span class='ocrx_word' id='word_1_286' title='bbox 573 4233 629 4297; x_wconf 89' lang='lat' dir='ltr'><strong>sed</strong></span> <span class='ocrx_word' id='word_1_287' title='bbox 663 4255 775 4297; x_wconf 92' lang='lat' dir='ltr'>earum</span> <span class='ocrx_word' id='word_1_288' title='bbox 801 4255 954 4298; x_wconf 90' lang='lat' dir='ltr'><strong>numerus</strong></span> <span class='ocrx_word' id='word_1_289' title='bbox 982 4242 1049 4297; x_wconf 86' lang='lat' dir='ltr'>tam</span> <span class='ocrx_word' id='word_1_290' title='bbox 1077 4232 1228 4318; x_wconf 89' lang='lat' dir='ltr'><strong>frequens</strong></span> <span class='ocrx_word' id='word_1_291' title='bbox 1259 4244 1324 4312; x_wconf 86' lang='lat' dir='ltr'><strong>est,</strong></span> <span class='ocrx_word' id='word_1_292' title='bbox 1359 4243 1412 4295; x_wconf 90' lang='lat' dir='ltr'><strong>ut·</strong></span> 
     </span>
     <span class='ocr_line' id='line_1_40' title="bbox 164 4332 1396 4407; baseline -0.003 -7"><span class='ocrx_word' id='word_1_293' title='bbox 164 4347 254 4400; x_wconf 87' lang='lat' dir='ltr'><strong>recte</strong></span> <span class='ocrx_word' id='word_1_294' title='bbox 289 4334 530 4401; x_wconf 86' lang='lat' dir='ltr'><strong>Studemundus</strong></span> <span class='ocrx_word' id='word_1_295' title='bbox 565 4357 606 4398; x_wconf 85' lang='lat' dir='ltr'><strong>ex</strong></span> <span class='ocrx_word' id='word_1_296' title='bbox 640 4336 770 4399; x_wconf 86' lang='lat' dir='ltr'><strong>diversa</strong></span> <span class='ocrx_word' id='word_1_297' title='bbox 804 4336 989 4400; x_wconf 89' lang='lat' dir='ltr'><strong>recensione</strong></span> <span class='ocrx_word' id='word_1_298' title='bbox 1024 4356 1078 4399; x_wconf 87' lang='lat' dir='ltr'><strong>eas</strong></span> <span class='ocrx_word' id='word_1_299' title='bbox 1113 4332 1326 4407; x_wconf 72' lang='lat' dir='ltr'>damuaverit,</span> <span class='ocrx_word' id='word_1_300' title='bbox 1365 4343 1396 4396; x_wconf 92' lang='lat' dir='ltr'><strong>et</strong></span> 
     </span>
     <span class='ocr_line' id='line_1_41' title="bbox 165 4434 1392 4525; baseline -0.004 -23"><span class='ocrx_word' id='word_1_301' title='bbox 165 4459 279 4503; x_wconf 90' lang='lat' dir='ltr'>carum</span> <span class='ocrx_word' id='word_1_302' title='bbox 301 4437 449 4502; x_wconf 90' lang='lat' dir='ltr'><strong>condicio</strong></span> <span class='ocrx_word' id='word_1_303' title='bbox 472 4460 512 4501; x_wconf 81' lang='lat' dir='ltr'><strong>ex</strong></span> <span class='ocrx_word' id='word_1_304' title='bbox 536 4448 627 4523; x_wconf 91' lang='lat' dir='ltr'>parte</span> <span class='ocrx_word' id='word_1_305' title='bbox 651 4437 783 4525; x_wconf 89' lang='lat' dir='ltr'><strong>quidem</strong></span> <span class='ocrx_word' id='word_1_306' title='bbox 805 4448 871 4501; x_wconf 89' lang='lat' dir='ltr'>tam</span> <span class='ocrx_word' id='word_1_307' title='bbox 894 4439 990 4512; x_wconf 91' lang='lat' dir='ltr'>mira,</span> <span class='ocrx_word' id='word_1_308' title='bbox 1023 4449 1142 4503; x_wconf 86' lang='lat' dir='ltr'><strong>utnon</strong></span> <span class='ocrx_word' id='word_1_309' title='bbox 1165 4435 1268 4520; x_wconf 89' lang='lat' dir='ltr'><strong>possit</strong></span> <span class='ocrx_word' id='word_1_310' title='bbox 1291 4434 1392 4520; x_wconf 55' lang='lat' dir='ltr'><strong>expli&lt;</strong></span> 
     </span>
     <span class='ocr_line' id='line_1_42' title="bbox 165 4538 1396 4618; baseline -0.002 -14"><span class='ocrx_word' id='word_1_311' title='bbox 165 4538 300 4615; x_wconf 66' lang='lat' dir='ltr'>caritas</span> <span class='ocrx_word' id='word_1_312' title='bbox 322 4548 491 4617; x_wconf 85' lang='lat' dir='ltr'><strong>auctorum</strong></span> <span class='ocrx_word' id='word_1_313' title='bbox 515 4538 709 4617; x_wconf 85' lang='lat' dir='ltr'><strong>recensionis</strong></span> <span class='ocrx_word' id='word_1_314' title='bbox 732 4539 880 4618; x_wconf 83' lang='lat' dir='ltr'>audacia,</span> <span class='ocrx_word' id='word_1_315' title='bbox 902 4541 958 4604; x_wconf 89' lang='lat' dir='ltr'><strong>scd</strong></span> <span class='ocrx_word' id='word_1_316' title='bbox 982 4539 1024 4607; x_wconf 90' lang='lat' dir='ltr'>ad</span> <span class='ocrx_word' id='word_1_317' title='bbox 1047 4539 1194 4604; x_wconf 88' lang='lat' dir='ltr'><strong>histricos</strong></span> <span class='ocrx_word' id='word_1_318' title='bbox 1217 4539 1322 4604; x_wconf 81' lang='lat' dir='ltr'><strong>fontes</strong></span> <span class='ocrx_word' id='word_1_319' title='bbox 1344 4559 1396 4602; x_wconf 90' lang='lat' dir='ltr'><strong>re-</strong></span> 
     </span>
    </p>
   </div>
   <div class='ocr_carea' id='block_1_4' title="bbox 0 0 1564 5138">
    <p class='ocr_par' dir='ltr' id='par_1_4' title="bbox 0 0 1564 5138">
     <span class='ocr_line' id='line_1_43' title="bbox 0 0 1564 5138; baseline 0 0"><span class='ocrx_word' id='word_1_320' title='bbox 0 0 1564 5138; x_wconf 95' lang='lat' dir='ltr'><strong> </strong></span> 
     </span>
    </p>
   </div>
  </div>
 </body>
</html>
