3120 5138
829 311 870 376 32

749 400 951 411 -uut--a—-v

326 515 437 579 Praed.
459 514 522 579 377

280 633 366 719 Δ“)1
403 632 477 700 Hoc
511 633 696 701 officium
733 643 912 711 meumst3
951 632 1046 698 mihi
1083 655 1199 722 operae
1228 634 1254 698 si
1289 633 1346 711 sit,
1389 635 1465 720 plus

851 747 959 803 tecum
980 736 1095 824 loquar

282 836 328 904 P:
361 837 436 904 Hoc
463 848 636 904 meumst·
657 837 854 917 officium3
883 861 953 925 ego
981 861 1098 926 operae
1120 838 1148 904 si
1169 838 1226 916 sit,
1259 838 1332 924 plus
1354 846 1464 902 tecum

851 942 966 1027 loquar

324 1057 501 1145 Niemeycr
523 1082 554 1147 p.
577 1058 620 1125 20
639 1081 755 1146 parum
776 1058 946 1147 diligenter
965 1057 1105 1123 iudicat:
1130 1056 1184 1136 „in
1208 1058 1236 1122 A
1260 1079 1372 1122 verum
1395 1069 1463 1136 est3

240 1184 315 1227 nam
344 1184 398 1248 epo
420 1161 455 1227 in
477 1163 503 1226 P
524 1162 620 1227 nimis
642 1163 783 1249 graviter
804 1161 1026 1250 praeponitur,
1056 1183 1130 1225 cum
1156 1160 1233 1224 mitt
1260 1159 1463 1247 aptissimum

240 1264 291 1329 sit.
313 1264 479 1349 quaeritur
493 1265 602 1351 igitur,
625 1287 683 1331 cur
705 1288 758 1352 epo
772 1265 928 1350 scriptum
951 1262 1000 1329 sit.
1025 1263 1114 1349 atqui
1137 1272 1230 1328 erunt
1246 1263 1381 1328 fortasse
1404 1261 1461 1347 qui

240 1366 302 1432 hoc
324 1367 475 1455 exemplo
503 1369 549 1432 ita
578 1366 766 1445 abutantur,
795 1379 831 1434 ut
853 1378 926 1454 post
947 1369 1101 1433 omissum
1130 1387 1306 1454 pronomen
1334 1366 1411 1430 milri
1432 1378 1463 1429 et

240 1479 314 1557 post
346 1469 541 1557 transposita
577 1468 676 1535 verba
714 1472 848 1560 officium
880 1483 1005 1536 meeum
1046 1469 1153 1535 hiatus
1188 1469 1293 1556 gratia
1331 1467 1373 1533 ab
1408 1467 1463 1532 illo

242 1571 412 1640 fastidioso
433 1572 645 1660 grammatico
668 1596 721 1659 epo
742 1574 897 1639 insertum
921 1594 992 1639 esse
1007 1573 1126 1638 dicant.
1175 1571 1232 1637 sed
1255 1570 1316 1636 nisi
1332 1570 1463 1636 ‹liversi-

241 1684 340 1740 tatem
378 1675 468 1741 casui
496 1673 637 1742 tribuere
668 1677 781 1760 mavis,
809 1677 863 1742 hic
896 1676 1002 1762 potius
1037 1697 1162 1759 versus,
1201 1677 1329 1763 opinor,
1367 1673 1462 1739 corri-

241 1773 367 1864 gendus
390 1788 459 1842 erat

327 1894 403 1961 Hoc
420 1894 563 1962 officium
585 1906 759 1963 meumst*
771 1918 886 1984 operae
907 1897 935 1961 si
959 1897 1009 1982 sit,
1035 1897 1109 1983 plus
1128 1907 1235 1964 tecum
1256 1896 1371 1982 loquar

242 2009 275 2064 et
285 1997 387 2064 verba
398 1999 534 2086 officium
545 2012 671 2064 meumst
681 2009 794 2086 postea
807 1999 936 2066 demum
949 2000 1145 2088 transposita
1158 2005 1263 2065 sunt.“
1288 2001 1398 2084 itaque
1412 2020 1464 2084 epo

241 2099 337 2166 nimis
351 2101 496 2188 graviter
510 2102 665 2189 praeponi
684 2101 857 2182 contendit,
880 2102 967 2190 quod
988 2102 1021 2166 in
1037 2102 1120 2168 thesi
1136 2103 1328 2169 collocatum
1350 2100 1464 2166 ultima

243 2202 372 2289 syllaba
404 2204 483 2269 elisa
514 2206 582 2269 fere
612 2205 791 2270 evanescit!
824 2227 920 2292 porro
949 2205 976 2270 si
1004 2227 1159 2293 personae
1186 2205 1273 2271 notio
1302 2203 1464 2270 efferenda

242 2327 307 2372 non
336 2316 395 2384 est,
418 2327 476 2371 cur
497 2307 574 2370 milri
598 2307 784 2392 praeposito
812 2328 876 2372 non
899 2307 1090 2372 sollicitatur
1119 2306 1168 2371 vir
1191 2305 1329 2372 doctus?
1358 2328 1464 2391 neque

244 2406 306 2473 hoc
328 2407 557 2473 animadvertit
570 2406 724 2475 Plautum
746 2409 779 2473 in
803 2408 1035 2475 elocutionibus
1058 2410 1146 2474 velut
1168 2432 1275 2496 operae
1297 2421 1347 2484 est,
1371 2411 1465 2473 otiam

244 2521 295 2586 est,
329 2509 399 2576 sim.
433 2508 578 2577 dativum
600 2532 758 2596 personae
780 2512 847 2576 fere
881 2511 1010 2598 saepius
1033 2511 1179 2577 omittere
1203 2533 1303 2598 quam
1332 2509 1463 2576 addere.

244 2614 285 2683 cf.
324 2613 408 2678 Tmo.
431 2613 493 2680 871
534 2614 658 2694 ,Otium
685 2613 742 2681 ubi
774 2616 851 2694 orit,
886 2613 926 2680 de
957 2614 1029 2679 istis
1062 2614 1159 2684 rebus
1189 2613 1326 2700 amplius
1357 2625 1464 2679 tecum

244 2715 368 2801 loquar*
390 2717 485 2782 Mero.
510 2716 582 2781 917.
605 2716 678 2782 377.
701 2717 770 2782 Mil.
792 2717 868 2804 plor.
891 2716 963 2785 252.
987 2717 1060 2781 764.
1082 2718 1156 2782 Aet.
1179 2716 1252 2781 320.
1276 2718 1348 2783 771.
1377 2716 1463 2804 Copt.

250 2817 319 2884 183.
341 2819 403 2907 Ep.
418 2818 492 2884 423.
509 2818 583 2886 556.
601 2819 669 2886 Cos.
684 2817 743 2885 ΙΠ
758 2819 788 2898 2,
812 2820 862 2886 14.
878 2822 970 2886 Poeu.
987 2819 1060 2886 858.
1076 2821 1160 2884 Rue.
1178 2820 1252 2885 429.
1276 2831 1349 2884 utra
1365 2819 1466 2907 igitur

244 2921 390 2990 recensio
411 2943 523 2989 verum
546 2923 724 2989 servaverit
746 2922 898 3010 quoniam
921 2945 962 2989 ex
984 2921 1046 2988 bac
1069 2922 1288 3010 discrepantia
1312 2924 1464 3010 cognosci

246 3045 312 3090 non
335 3034 451 3110 potest,
474 3024 514 3090 de
536 3025 628 3091 initio
650 3046 764 3091 versus
786 3047 996 3113 quaeramus,
1023 3048 1087 3110 quo
1109 3024 1324 3111 Niemeyerus
1346 3024 1467 3090 Palati-

248 3149 363 3193 norum
386 3127 573 3194 memoriam
596 3150 637 3193 ne
660 3127 845 3193 examinare
873 3126 1005 3214 quidem
1026 3127 1178 3216 dignatus
1206 3140 1264 3193 est
1308 3149 1366 3193 nos
1389 3150 1467 3193 vero

248 3249 320 3293 eam
341 3248 401 3313 pro
423 3250 501 3294 vera
522 3227 690 3308 habemus,
713 3251 788 3297 cum
811 3230 983 3297 verborum
1006 3231 1085 3296 ordo
1110 3233 1164 3296 loc
1185 3243 1311 3296 meeum
1333 3232 1468 3318 officium

249 3352 381 3418 prorsus
408 3341 484 3416 apte
511 3330 553 3396 ad
575 3332 838 3418 persuadendum
860 3333 1053 3400 defendatur
1081 3356 1110 3401 v.
1133 3335 1211 3413 379,
1244 3333 1300 3400 ubi
1323 3335 1357 3399 A
1385 3334 1468 3399 falso

247 3432 384 3501 eandem
398 3445 496 3520 atque
511 3457 542 3500 v.
556 3433 620 3501 377
642 3434 816 3503 verborum
830 3435 1077 3502 collocationem
1092 3436 1224 3525 praebet
1239 3438 1312 3501 loeo
1325 3441 1469 3502 sententio

251 3549 355 3617 meoet,
378 3537 466 3621 quod
487 3550 599 3603 contra
625 3536 793 3604 Palatinos
819 3540 891 3604 boec
917 3551 1012 3604 meoet
1038 3543 1182 3605 sententio
1211 3549 1298 3605 recte
1320 3560 1468 3606 servasse

251 3650 389 3707 metmm
412 3639 540 3705 evincit
584 3640 720 3708 lectione
747 3652 854 3707 autem
879 3643 932 3707 1100
953 3654 1078 3708 meamet
1104 3644 1239 3731 officiare
1266 3652 1301 3709 ut
1324 3642 1469 3728 genuina

248 3764 289 3808 ex
319 3740 517 3811 Prostituta
544 3754 582 3811 ut
609 3742 705 3809 etiam
733 3743 835 3810 altero
862 3745 1006 3812 eiusdem
1035 3767 1147 3813 versus
1174 3745 1245 3811 loco
1274 3766 1314 3811 ex
1341 3743 1469 3812 duabus

250 3867 353 3932 aeque
375 3843 468 3911 bonis
490 3843 681 3913 lectionibus
703 3868 784 3932 eam,
808 3869 905 3933 quam
926 3847 956 3913 P
977 3847 1147 3937 praebent,
1181 3847 1354 3936 eligamus,
1387 3848 1470 3914 ratio

248 3947 399 4035 postulat
443 3946 477 4012 in
499 3948 534 4013 A
555 3948 667 4015 turbas
691 3949 830 4016 movisse
853 3950 982 4016 videtur
1005 3949 1122 4016 vocula
1143 3971 1197 4036 epo
1219 3958 1276 4015 aut
1298 3970 1376 4015 casu
1403 3964 1469 4033 aut,

248 4049 337 4137 quod
359 4048 467 4115 verbis
494 4072 601 4139 operae
626 4053 653 4114 ai
677 4054 716 4116 sit
743 4051 931 4117 intermissis
960 4074 1024 4137 quo
1051 4050 1220 4116 referenda
1246 4060 1330 4114 esset
1364 4050 1470 4117 minus

248 4150 333 4218 bene
347 4150 507 4219 intellexit
522 4163 694 4232 corrector,
710 4153 843 4233 omissa3
865 4178 925 4241 pro
940 4177 1005 4240 qua
1021 4176 1094 4219 cum
1106 4153 1183 4218 milti
1196 4153 1352 4219 insertum
1376 4165 1471 4233 esset,

254 4253 454 4321 consectaria
476 4254 537 4320 tuit
559 4254 730 4321 vorborum
753 4269 879 4322 01001101
901 4258 1036 4346 officium
1058 4255 1226 4325 collocatio
1248 4255 1386 4320 inversa.

339 4530 360 4598 ¹)
383 4531 418 4585 of.
436 4529 612 4586 Stodemund
629 4545 672 4601 ap.
691 4527 857 4585 Muellerum
875 4528 945 4583 Adel.
962 4545 991 4601 p.
1002 4530 1034 4585 61
1053 4528 1115 4587 etin.
