3120 5138
581 323 782 423 „1³³-

67 525 248 590 sententiae
283 527 419 591 formam
457 528 549 593 nobis
588 540 749 595 servatam
784 550 853 592 esse
888 550 982 591 nemo
1020 528 1119 593 semel
1151 528 1290 592 monitus

67 650 189 714 negare
211 639 329 713 potest,
360 629 520 714 simulque
549 652 621 695 eam
645 654 708 696 non
730 630 910 696 ludibundo
936 630 1222 717 grammaticorum
1245 633 1290 695 in·

65 731 164 817 genio
198 732 326 812 deberi,
369 733 427 797 sed
454 755 494 798 ex
529 734 593 798 alia
627 733 810 798 fabularum
842 733 1068 800 Plautinarum
1103 735 1289 799 recensione

66 854 171 917 eaque
206 835 355 899 scaenica
390 836 612 923 depromptam
641 860 710 902 esse
739 838 881 902 locorum
920 858 1000 921 quos
1028 837 1124 901 modo
1152 838 1289 903 tractavi

65 936 219 1023 analogia
246 939 362 1022 cuique
390 939 504 1023 opinor
531 938 747 1025 persuadebit.
759 940 786 1026 1)
836 940 922 1025 quod
952 950 989 1008 ut
1010 951 1169 1008 statuatur
1191 952 1290 1006 recte-

67 1061 130 1125 que
147 1040 355 1126 intellagatur
370 1042 467 1127 longe
483 1041 584 1128 pluris
599 1052 657 1119 est,
680 1064 778 1125 quam
794 1051 830 1106 ut
845 1054 918 1107 utra
933 1045 1078 1109 recensio
1095 1044 1289 1132 scripturam

65 1144 242 1230 genuinam
266 1145 443 1209 servaverit
466 1144 669 1222 diiudicetur,
694 1144 846 1229 quoniam
874 1156 1010 1229 utraque
1033 1146 1101 1210 sine
1124 1146 1223 1211 dubio
1247 1169 1288 1210 ex

66 1250 140 1334 ipsa
163 1248 354 1332 antiquitate
377 1247 513 1333 repetita
537 1259 593 1312 est.
638 1256 781 1310 attamen
809 1250 1031 1313 examinemus
1053 1248 1221 1335 utriusque
1242 1271 1288 1313 re-

64 1352 226 1416 censionis
250 1351 459 1436 scripturam,
484 1363 639 1434 utquam
670 1350 787 1415 iniuste
816 1351 954 1414 editores
978 1351 1198 1416 Palatinorum
1222 1374 1284 1417 me·

65 1454 201 1518 moriam
223 1453 404 1540 spreverint
431 1462 652 1537 cognoscatur.
697 1474 736 1516 ac
758 1452 897 1539 primum
919 1453 1051 1537 quidem
1065 1453 1288 1520 Palatinarum

64 1579 149 1620 unus
168 1578 277 1621 versus
299 1579 321 1620 a
334 1555 423 1619 nulla
439 1566 530 1641 parte
546 1555 829 1641 reprehensionem
845 1556 993 1642 praebet3
1016 1556 1114 1621 immo
1130 1578 1288 1621 commen·

64 1660 162 1724 datur
185 1681 238 1736 eo,
267 1660 353 1746 quod
376 1659 511 1724 eandem
534 1660 746 1736 sententiam,
775 1680 858 1742 quae
882 1661 913 1722 in
937 1655 971 1721 A
993 1681 1050 1746 per
1073 1659 1153 1723 duos
1176 1682 1288 1725 versus

64 1762 203 1825 dilatata
226 1773 290 1839 est,
320 1760 460 1826 breviter
483 1772 514 1827 et
536 1765 693 1827 concinne
722 1761 843 1826 dictam
871 1762 1057 1847 continctl)
1102 1761 1288 1826 Ambrosia-

64 1888 145 1930 num
169 1875 276 1930 autem
303 1865 531 1951 interpolatum
559 1887 715 1952 essequo
747 1864 901 1950 probetur
924 1886 989 1928 non
1018 1864 1107 1928 deest
1129 1864 1287 1949 liquidum

63 1967 223 2033 indicium
247 1991 266 2032 a
288 1967 468 2034 Ritschelio
490 1969 555 2034 iam
577 1968 840 2033 animadversum
863 1966 920 2032 sed
943 1966 1111 2050 areliquis
1135 1967 1285 2032 omnibus

62 2071 258 2156 neglectum.
283 2091 366 2154 quae
389 2071 475 2135 enim
498 2083 546 2136 est
567 2072 629 2137 loci
653 2071 815 2149 condicio,
845 2071 933 2137 nullo
956 2071 1051 2135 modo
1078 2072 1155 2135 ferri
1182 2081 1287 2156 potest

64 2176 242 2261 adportant,
258 2173 345 2256 quod
362 2173 496 2238 verbum
512 2185 641 2261 praeter
657 2174 831 2260 genuinam
850 2173 1117 2260 significationem
1141 2176 1199 2261 (=
1211 2198 1287 2239 ma·

63 2276 186 2341 nibus
209 2275 333 2362 aliquid
355 2276 496 2366 adferre)
511 2278 667 2342 translata
690 2299 767 2342 sane
792 2288 975 2362 usurpatur,
997 2277 1043 2341 ita
1066 2291 1184 2354 tamen,
1208 2293 1243 2342 ut
1266 2302 1286 2343 a
1342 2283 1349 2295 '

63 2379 204 2445 naturali
228 2379 356 2444 notione
379 2403 443 2443 non
470 2380 532 2444 nisi
554 2380 736 2467 paullulum
758 2379 904 2460 recedat3
937 2380 1026 2446 velut
1054 2379 1172 2445 dicitur
1208 2403 1287 2446 nun-

64 2483 160 2563 tium,
185 2480 319 2559 bonum,
349 2504 416 2547 rem
445 2506 576 2562 novam,
606 2506 723 2548 novam
753 2482 967 2560 comoediam,
996 2483 1065 2550 sim.
1097 2481 1283 2568 adportare3

65 2587 106 2652 cf.
132 2585 224 2650 Sciat.
248 2585 320 2650 295.
350 2587 439 2651 Most.
461 2586 534 2650 461.
559 2586 632 2653 Ter.
655 2587 778 2650 Plorm.
801 2585 880 2669 prol.
904 2585 954 2652 24.
979 2585 1091 2649 Heoct.
1114 2586 1187 2650 427.
1213 2586 1285 2650 747.

64 2690 129 2752 Ad.
152 2688 224 2752 856.
269 2687 379 2771 itaque
406 2689 526 2775 optime
553 2688 625 2753 Ter.
649 2690 750 2752 Andr.
775 2686 816 2751 73
844 2686 936 2753 Sosia
965 2686 1057 2749 dicit:
1091 2685 1144 2760 ,ltli
1174 2707 1287 2750 vereor

64 2812 106 2855 ne
134 2789 212 2876 quid
240 2787 365 2853 Andria
392 2789 540 2876 adportet
568 2789 669 2867 mali‘3
703 2791 774 2877 ipsa
802 2789 886 2854 enim
916 2787 1040 2852 Andria
1070 2787 1146 2852 mali
1173 2799 1285 2853 auctor

64 2902 124 2958 est.
147 2914 211 2957 non
229 2915 306 2956 vero
328 2903 403 2978 apte
426 2892 487 2957 hoc
509 2893 580 2957 loco
602 2903 776 2976 usurpatur
804 2889 860 2954 illa
884 2912 962 2967 vox,
990 2911 1063 2955 cum
1090 2890 1286 2955 somniorum

64 2997 225 3060 infaustae
246 2994 385 3059 visiones
408 3017 472 3059 non
494 2995 588 3060 aliter
610 3005 708 3078 atque
731 2993 875 3080 auspicia
898 3012 1062 3057 sacrorum
1086 2992 1285 3057 calamitates

63 3121 128 3162 non
156 3097 308 3175 afferant,
336 3095 496 3176 efficiant,
524 3099 581 3161 sed
608 3097 689 3161 nihil
717 3095 777 3161 nisi
809 3098 873 3161 iam
902 3096 1057 3160 instantes
1080 3094 1280 3183 praedicant.

153 3338 174 3405 ¹)
190 3336 255 3391 Non
277 3353 392 3406 possum
408 3352 464 3390 non
482 3335 581 3390 afferre
599 3336 692 3389 locum
713 3333 888 3388 simillimum
917 3334 997 3388 Poen.
1016 3335 1064 3388 301
1084 3350 1150 3402 sqq,
1169 3333 1218 3387 ubi
1236 3335 1284 3388 du·

61 3423 165 3493 plicam
189 3421 306 3476 formam
332 3421 487 3476 sententiae
513 3420 635 3474 eiusdem
660 3420 826 3488 archetypus
844 3419 1026 3474 Ambrosiani
1044 3422 1073 3473 et
1090 3418 1285 3474 Palatinorum

63 3507 220 3562 communis
237 3507 389 3561 memorias
406 3505 533 3570 tradidit,
551 3505 668 3558 alteram

148 3589 228 3645 Bono
246 3590 332 3662 me[d]
351 3590 465 3661 ingenio
483 3607 543 3645 esse
561 3592 696 3656 ornatam,
715 3607 798 3659 quam
815 3606 883 3644 auro
906 3589 995 3644 multo
1018 3590 1139 3644 mavolo.

60 3677 180 3732 alteram

149 3761 260 3816 Aurum
281 3762 395 3816 fortuna
418 3761 571 3827 invenitur,
595 3765 696 3814 natura
718 3761 862 3830 ingenium
886 3760 997 3814 bonnm.
1025 3751 1027 3755 ἲ

149 3847 256 3901 Bonam
274 3864 326 3918 ego
345 3864 428 3916 quam
446 3846 559 3901 beatam
576 3864 620 3900 me
639 3862 698 3899 esse
716 3844 803 3898 nimio
822 3845 879 3898 dici
898 3846 1016 3899 mavolo.

61 3949 170 3998 ,aurum
179 3932 299 3986 fortuna‘
310 3931 419 4001 scripsi3
434 3949 540 3996 ,aurum
548 3931 578 3985 in
587 3931 707 3984 fortuna‘
718 3929 750 3996 P,
761 3948 866 3996 ‚aurum
874 3930 904 3984 id
915 3931 1035 3984 fortuna‘
1047 3932 1089 3998 A3
1105 3948 1174 3985 vocs
1184 3932 1213 3985 id
1222 3930 1284 3984 Rit-

60 4015 183 4070 schelius
195 4032 260 4069 usus
276 4018 326 4080 est,
339 4018 371 4067 ut
380 4013 613 4068 versus‘alterum
627 4016 779 4069 sitentium
789 4033 824 4069 ox
837 4014 892 4069 alia
904 4016 1047 4069 comoedia
1056 4017 1205 4070 arcessitos
1224 4032 1282 4069 esse

60 4099 223 4155 ostenderet
241 4099 301 4170 (Op.
314 4097 346 4154 Π
363 4117 390 4168 p.
409 4100 460 4154 290
477 4101 535 4167 su).
559 4099 648 4167 atqui
667 4099 719 4153 hos
736 4117 831 4153 versus
843 4099 937 4162 finxit,
957 4101 982 4154 ei
1001 4104 1065 4154 ante
1084 4100 1179 4154 oculos
1197 4100 1284 4154 fuisse

60 4204 88 4240 v.
106 4186 156 4240 301
175 4202 288 4254 prorsus
307 4184 487 4238 manifestum
505 4186 559 4251 ast;
585 4202 650 4237 nam
667 4185 750 4238 anxie
768 4201 831 4239 sum
849 4184 975 4237 imitatus
1000 4187 1043 4238 est
1061 4202 1085 4237 v.
1104 4185 1163 4239 303.
1188 4185 1283 4253 itaque

60 4287 160 4325 versus
187 4269 254 4323 huic
277 4269 397 4323 Poenuli
426 4269 488 4322 loco
510 4267 546 4321 ab
569 4267 651 4321 initio
675 4268 808 4321 destinati
832 4273 919 4322 erant.
947 4270 977 4322 id
994 4272 1087 4323 autem
1105 4269 1283 4324 nullomodo

59 4354 210 4411 ferendum
233 4357 288 4419 cst3
315 4357 471 4409 correctum
493 4354 587 4405 estex
612 4354 647 4418 in,
671 4353 746 4421 quod
770 4353 861 4422 ipsum
882 4356 999 4423 propter
1021 4370 1136 4421 sequens
1155 4355 1284 4408 inuenitur

59 4440 134 4495 vitio
152 4439 332 4494 librariorum
349 4455 437 4508 paene
456 4437 585 4491 sollemni
603 4438 731 4491 additum
748 4442 798 4492 cst.

148 4544 171 4613 ¹)
190 4540 234 4598 De
253 4542 341 4608 ‚simia
360 4544 443 4611 atque
462 4539 566 4595 haedus
584 4540 670 4593 timeo
689 4540 772 4609 quid
791 4540 910 4596 velint‘
930 4543 963 4596 cf.
981 4542 1008 4596 'u
1026 4540 1084 4598 254.
