3120 5138
754 313 817 376 144

681 401 886 413 ——a

168 519 334 593 reiecerat,
357 527 430 601 post
447 515 627 601 Bergkium
643 515 859 602 Niemeyerus
882 538 914 601 p.
937 515 979 580 24
1002 515 1146 581 defendit
1169 515 1388 582 Palatinarum

169 643 299 686 versum
315 641 332 683 e
350 619 547 684 correctione
563 631 674 685 natum
690 642 760 684 esse
776 618 961 695 arbitratus,
977 619 1034 682 sed
1055 619 1084 682 is
1105 619 1222 706 „plane
1244 621 1390 686 omittens

168 744 323 812 quaerere
338 721 474 785 omnidue
490 724 715 806 proculianum
731 722 907 787 sententiae
924 720 1019 785 huius
1036 720 1096 785 looi
1116 723 1391 788 accommodatum

167 825 229 889 sit“
252 823 447 912 (Schoellius
474 822 524 887 ed.
552 824 650 890 taint
671 824 746 892 adn.
769 826 865 912 crit).
900 824 1113 910 nequeenim
1136 823 1291 890 Callicles
1316 849 1389 890 om-

168 927 284 992 nibus
310 925 403 991 bonis
428 929 576 991 iuvenem
606 931 738 1005 evertit,
768 950 842 993 cum
865 926 944 991 nihil
968 926 1029 990 nisi
1056 928 1125 991 eius
1154 928 1287 993 domum
1320 929 1393 993 data

171 1029 308 1116 pecunia
330 1027 452 1093 emerit.

251 1134 336 1197 Pera.
358 1131 431 1199 515.
455 1132 519 1198 oro
550 1152 608 1215 pro
631 1131 786 1208 ,Fortuna
808 1132 971 1213 lucrifioa‘,
1001 1129 1088 1219 quod
1110 1130 1140 1195 P
1163 1131 1338 1218 praebent,
1361 1132 1392 1197 A

168 1236 333 1324 Gepperto
363 1236 456 1319 (stoa
480 1233 519 1297 II
541 1256 572 1319 p.
595 1234 651 1321 82)
670 1247 800 1299 auctore
819 1235 976 1311 ,Fortuna
999 1233 1159 1298 lucrifera‘
1178 1233 1286 1309 babet,
1305 1236 1390 1322 quod

167 1362 244 1404 sane
267 1360 328 1425 ego
351 1360 480 1424 quoque
502 1337 664 1421 praefero,
695 1359 769 1401 cum
793 1337 917 1402 lucrum
939 1337 1060 1400 faciant
1083 1337 1242 1412 homines,
1269 1338 1391 1403 lucrum

166 1443 249 1507 ferat
278 1441 440 1523 Fortuna3
480 1440 593 1504 eodem
627 1439 722 1503 modo
751 1439 995 1526 distinguuntur
1021 1443 1165 1523 luctificus
1195 1451 1227 1505 et
1256 1444 1393 1529 luctifer:

167 1545 243 1609 Seu.
265 1543 356 1610 Herc.
380 1543 447 1629 sur.
472 1543 534 1608 687
565 1543 641 1605 bubo
669 1542 850 1607 nominatur
873 1544 1006 1629 luctifer,
1036 1546 1176 1631 itemque
1199 1568 1298 1609 annua
1321 1545 1391 1614 Val.

165 1646 275 1713 Flacc.
290 1645 367 1730 Arp.
383 1642 413 1723 3,
432 1642 510 1720 4543
534 1656 652 1708 contra.
663 1646 792 1733 luctifica
810 1647 909 1709 clades
924 1644 992 1713 Oio.
1016 1647 1099 1710 Tuae.
1114 1645 1153 1712 H
1171 1646 1219 1729 10,
1238 1647 1290 1725 25,
1310 1650 1392 1712 lucti-

164 1751 225 1834 fico
245 1749 335 1812 coba
357 1746 433 1812 Seu.
455 1747 567 1812 Pboen.
593 1747 663 1811 132.
688 1749 824 1835 pocynu
850 1750 1057 1815 nominantur
1086 1749 1137 1814 dei
1161 1750 1317 1838 deaeque,
1339 1775 1392 1838 po·

169 1854 247 1937 cifioi
267 1850 420 1916 dicuntur
441 1847 562 1927 Numa,
585 1870 700 1929 mores,
723 1872 845 1934 preces.

212 1956 305 2021 Poen.
328 1953 391 2018 342
900 2025 904 2033 ¹

251 2057 295 2122 P:
317 2055 426 2121 Proba
442 2077 525 2121 mers
541 2055 636 2120 facile
652 2066 830 2143 emptorem
846 2057 976 2142 reperit,
999 2058 1124 2122 tametsi
1147 2057 1182 2122 in
1204 2057 1393 2123 abstruso

1185 2161 1290 2225 sitast.

167 2262 211 2340 ,in
239 2261 375 2327 occulto‘
404 2263 447 2340 A,
470 2260 557 2349 quod
580 2273 612 2324 et
647 2261 797 2325 scaenica
827 2271 859 2324 et
881 2262 1096 2346 grammatica
1117 2262 1316 2328 correctione
1340 2287 1392 2328 na-

167 2375 234 2430 tum
268 2386 338 2430 esse
375 2365 496 2450 pariter
524 2375 636 2451 potest.
672 2387 746 2429 nam
781 2380 815 2431 ut
847 2365 942 2430 facile
978 2364 1046 2428 fieri
1081 2364 1183 2451 potuit
1216 2379 1252 2431 ut
1281 2365 1393 2431 histrio

167 2466 301 2532 verbum
318 2466 468 2532 usitatius
484 2467 599 2531 rariori
616 2466 833 2545 substitueret,
849 2467 894 2531 ita
911 2466 1045 2531 verbum
1062 2464 1274 2532 abstrudendi
1286 2491 1393 2554 gram-

167 2569 291 2634 maticis
314 2591 426 2633 ansam
448 2568 576 2634 dedisse
597 2568 830 2655 interpretandi
853 2570 1005 2635 docemur
1021 2572 1093 2637 Aul.
1112 2573 1184 2649 ott,
1207 2571 1264 2639 ubi
1288 2572 1390 2637 verbo

166 2674 339 2738 abstractim
365 2671 399 2736 in
428 2672 459 2736 D
487 2694 582 2738 manu
610 2672 753 2739 secunda
775 2674 1030 2761 superscriptum
1053 2686 1102 2737 est
1129 2675 1312 2751 condidisse,
1343 2676 1394 2738 ab·

163 2776 318 2843 econdraae.
341 2775 447 2841 minus
470 2786 545 2860 apte
568 2773 731 2841 Goetzius
755 2776 889 2842 contulit
911 2777 991 2843 Aac.
1015 2789 1094 2863 trop.
1117 2776 1180 2862 frg.
1202 2776 1277 2841 462.

209 2879 321 2944 Paeud.
344 2876 409 2943 659

255 2982 304 3047 A:
328 2979 416 3067 apud
438 3003 537 3046 anum
560 2980 651 3046 illam
675 2981 831 3047 doliarem

255 3084 299 3149 P:
323 3083 411 3171 apud
434 3105 532 3148 anum
554 3084 644 3148 illam
666 3083 851 3173 diobolare[
886 3083 914 3172 ].

163 3187 347 3252 diobolarem
391 3208 499 3253 rerum
544 3186 725 3252 condicioni
773 3189 901 3253 minime
948 3188 1098 3253 convenit
1138 3226 1176 3238 -
1220 3212 1295 3254 narn
1342 3188 1383 3254 de

166 3288 300 3354 muliere
328 3287 503 3375 cauponia,
531 3311 595 3354 non
624 3289 664 3353 de
694 3293 860 3356 meretrice
891 3314 996 3356 sermo
1025 3302 1073 3356 est
1095 3330 1138 3341 -
1160 3303 1189 3355 et
1219 3291 1349 3357 videtur
1372 3315 1388 3357 e

165 3412 277 3456 versus
300 3393 392 3457 Poen.
416 3393 480 3457 270
507 3404 623 3470 ,scorta
650 3392 838 3458 diobolaria‘
865 3394 973 3459 fallaci
996 3394 1149 3459 memoria
1171 3403 1283 3460 natum
1307 3416 1387 3476 esse,

164 3494 227 3559 nisi
249 3496 384 3561 fortasse
407 3495 501 3562 docto
524 3497 649 3562 scribae
672 3495 815 3563 debetur.

208 3598 319 3667 Pseud.
346 3598 408 3664 901

252 3703 298 3767 A:
323 3701 408 3768 Ilum
430 3701 616 3788 promisisse
639 3702 763 3767 fortiter
786 3702 869 3768 dixit
891 3702 952 3767 sibi

250 3804 295 3869 P:
319 3804 404 3870 Eum
426 3804 611 3890 promisisse
633 3805 769 3870 firmiter
792 3805 875 3869 dixit
897 3803 968 3870 sibi.

163 3909 292 3991 firmiter
315 3907 413 3972 verbo
434 3907 643 3993 promittendi
666 3907 762 3994 longe
784 3908 1034 3988 convenientius,
1060 3927 1158 3992 quam
1170 3905 1305 3992 fortiter.

209 4009 306 4098 Epid-
327 4012 363 4077 5:
387 4010 474 4076 Satis
496 4023 610 4074 certe
633 4009 734 4075 oculis
757 4012 866 4079 uteris.

165 4123 242 4177 recte
272 4112 320 4191 A,
351 4112 438 4197 quod
462 4112 630 4179 damnavit
657 4113 835 4198 Langenus
863 4114 1025 4196 Bcitraepc
1046 4132 1077 4195 p.
1112 4109 1162 4178 24.
1193 4108 1307 4176 eadem
1330 4111 1392 4175 dis·

165 4213 331 4301 crepantia
368 4215 401 4279 in
436 4214 602 4282 codicibus
637 4215 826 4282 Horatianis
859 4215 1022 4280 invenitur
1060 4215 1159 4300 prt.
1188 4212 1227 4278 II
1255 4214 1289 4291 1,
1331 4214 1393 4282 105

164 4317 296 4397 ,Cautes
317 4317 499 4385 nominibus
522 4319 620 4383 rectis
645 4320 829 4407 expendere
857 4327 1026 4394 nummos‘,
1056 4316 1112 4383 ubi
1140 4316 1286 4383 nonnulli
1317 4317 1393 4384 libri

164 4421 299 4487 alteram
321 4421 489 4487 lectionem
513 4423 600 4486 certia
621 4422 787 4511 praebent.

208 4525 296 4590 Most.
320 4524 382 4590 679
404 4523 453 4589 A:
477 4524 655 4590 evocadum
678 4525 819 4610 aliquem
842 4526 946 4588 ocius.
