<?xml version="1.0" encoding="UTF-8"?>
<!DOCTYPE html PUBLIC "-//W3C//DTD XHTML 1.0 Transitional//EN"
    "http://www.w3.org/TR/xhtml1/DTD/xhtml1-transitional.dtd">
<html xmlns="http://www.w3.org/1999/xhtml" xml:lang="en" lang="en">
 <head>
  <title>
</title>
<meta http-equiv="Content-Type" content="text/html;charset=utf-8" />
  <meta name='ocr-system' content='tesseract 3.04.00' />
  <meta name='ocr-capabilities' content='ocr_page ocr_carea ocr_par ocr_line ocrx_word'/>
</head>
<body>
  <div class='ocr_page' id='page_1' title='image "./deplautifabular00baiegoog_0193.png"; bbox 0 0 3120 5138; ppageno 0'>
   <div class='ocr_carea' id='block_1_1' title="bbox 677 297 879 399">
    <p class='ocr_par' dir='ltr' id='par_1_1' title="bbox 677 297 879 399">
     <span class='ocr_line' id='line_1_1' title="bbox 677 297 879 399; baseline 0 -3"><span class='ocrx_word' id='word_1_1' title='bbox 677 297 879 399; x_wconf 53' lang='lat'>..323-</span> 
     </span>
    </p>
   </div>
   <div class='ocr_carea' id='block_1_2' title="bbox 140 498 1389 3061">
    <p class='ocr_par' dir='ltr' id='par_1_2' title="bbox 140 498 1389 3061">
     <span class='ocr_line' id='line_1_2' title="bbox 164 498 1385 589; baseline 0.007 -28"><span class='ocrx_word' id='word_1_2' title='bbox 164 498 283 562; x_wconf 88' lang='lat' dir='ltr'><strong>tiarum</strong></span> <span class='ocrx_word' id='word_1_3' title='bbox 311 498 393 569; x_wconf 89' lang='lat' dir='ltr'><strong>inter</strong></span> <span class='ocrx_word' id='word_1_4' title='bbox 420 500 622 565; x_wconf 75' lang='lat' dir='ltr'>recensiones</span> <span class='ocrx_word' id='word_1_5' title='bbox 652 501 784 567; x_wconf 80' lang='lat' dir='ltr'>extabat</span> <span class='ocrx_word' id='word_1_6' title='bbox 815 502 884 567; x_wconf 90' lang='lat' dir='ltr'><strong>eius</strong></span> <span class='ocrx_word' id='word_1_7' title='bbox 911 502 1056 589; x_wconf 89' lang='lat' dir='ltr'><strong>generis,</strong></span> <span class='ocrx_word' id='word_1_8' title='bbox 1085 517 1120 567; x_wconf 94' lang='lat' dir='ltr'><strong>ut</strong></span> <span class='ocrx_word' id='word_1_9' title='bbox 1143 502 1232 568; x_wconf 89' lang='lat' dir='ltr'><strong>nulla</strong></span> <span class='ocrx_word' id='word_1_10' title='bbox 1253 525 1385 589; x_wconf 86' lang='lat' dir='ltr'><strong>prorsus</strong></span> 
     </span>
     <span class='ocr_line' id='line_1_3' title="bbox 164 601 1388 694; baseline 0.006 -30"><span class='ocrx_word' id='word_1_11' title='bbox 164 621 278 683; x_wconf 91' lang='lat' dir='ltr'><strong>causa,</strong></span> <span class='ocrx_word' id='word_1_12' title='bbox 309 623 366 666; x_wconf 92' lang='lat' dir='ltr'><strong>cur</strong></span> <span class='ocrx_word' id='word_1_13' title='bbox 394 601 495 668; x_wconf 90' lang='lat' dir='ltr'><strong>altera</strong></span> <span class='ocrx_word' id='word_1_14' title='bbox 528 613 599 668; x_wconf 88' lang='lat' dir='ltr'><strong>utra</strong></span> <span class='ocrx_word' id='word_1_15' title='bbox 628 605 788 692; x_wconf 85' lang='lat' dir='ltr'><strong>scriptura</strong></span> <span class='ocrx_word' id='word_1_16' title='bbox 817 614 941 670; x_wconf 84' lang='lat' dir='ltr'><strong>mutata</strong></span> <span class='ocrx_word' id='word_1_17' title='bbox 971 614 1070 683; x_wconf 86' lang='lat' dir='ltr'><strong>esset,</strong></span> <span class='ocrx_word' id='word_1_18' title='bbox 1104 605 1248 691; x_wconf 80' lang='lat' dir='ltr'><strong>conspici</strong></span> <span class='ocrx_word' id='word_1_19' title='bbox 1263 617 1388 694; x_wconf 87' lang='lat' dir='ltr'><strong>posset;</strong></span> 
     </span>
     <span class='ocr_line' id='line_1_4' title="bbox 140 703 1389 795; baseline 0.006 -29"><span class='ocrx_word' id='word_1_20' title='bbox 140 778 143 783; x_wconf 92' lang='lat'><em>.</em></span> <span class='ocrx_word' id='word_1_21' title='bbox 166 725 248 790; x_wconf 92' lang='lat' dir='ltr'><strong>quas</strong></span> <span class='ocrx_word' id='word_1_22' title='bbox 276 703 398 788; x_wconf 90' lang='lat' dir='ltr'><strong>siquis</strong></span> <span class='ocrx_word' id='word_1_23' title='bbox 430 704 472 768; x_wconf 90' lang='lat' dir='ltr'><strong>ad</strong></span> <span class='ocrx_word' id='word_1_24' title='bbox 496 708 746 791; x_wconf 85' lang='lat' dir='ltr'><strong>,grammaticos‘</strong></span> <span class='ocrx_word' id='word_1_25' title='bbox 776 707 960 773; x_wconf 80' lang='lat' dir='ltr'><strong>referendas</strong></span> <span class='ocrx_word' id='word_1_26' title='bbox 991 717 1135 787; x_wconf 91' lang='lat' dir='ltr'><strong>censeat,</strong></span> <span class='ocrx_word' id='word_1_27' title='bbox 1164 708 1322 795; x_wconf 80' lang='lat' dir='ltr'><strong>analogiis</strong></span> <span class='ocrx_word' id='word_1_28' title='bbox 1346 730 1389 774; x_wconf 85' lang='lat' dir='ltr'><strong>ex</strong></span> 
     </span>
     <span class='ocr_line' id='line_1_5' title="bbox 164 806 1386 896; baseline 0.004 -25"><span class='ocrx_word' id='word_1_29' title='bbox 164 806 232 872; x_wconf 87' lang='lat' dir='ltr'><strong>lato</strong></span> <span class='ocrx_word' id='word_1_30' title='bbox 258 806 437 874; x_wconf 88' lang='lat' dir='ltr'><strong>litterarum</strong></span> <span class='ocrx_word' id='word_1_31' title='bbox 468 807 658 875; x_wconf 80' lang='lat' dir='ltr'><strong>Latinarum</strong></span> <span class='ocrx_word' id='word_1_32' title='bbox 688 822 719 875; x_wconf 90' lang='lat' dir='ltr'><strong>et</strong></span> <span class='ocrx_word' id='word_1_33' title='bbox 741 811 943 879; x_wconf 85' lang='lat' dir='ltr'><strong>Graecarum</strong></span> <span class='ocrx_word' id='word_1_34' title='bbox 971 832 1086 896; x_wconf 90' lang='lat' dir='ltr'><strong>campo</strong></span> <span class='ocrx_word' id='word_1_35' title='bbox 1111 810 1272 875; x_wconf 82' lang='lat' dir='ltr'><strong>arcessitis</strong></span> <span class='ocrx_word' id='word_1_36' title='bbox 1296 834 1386 876; x_wconf 90' lang='lat' dir='ltr'><strong>suam</strong></span> 
     </span>
     <span class='ocr_line' id='line_1_6' title="bbox 165 912 1385 1001; baseline 0.004 -26"><span class='ocrx_word' id='word_1_37' title='bbox 165 912 358 975; x_wconf 86' lang='lat' dir='ltr'><strong>sententiam</strong></span> <span class='ocrx_word' id='word_1_38' title='bbox 379 913 485 977; x_wconf 91' lang='lat' dir='ltr'><strong>firmet</strong></span> <span class='ocrx_word' id='word_1_39' title='bbox 507 912 613 990; x_wconf 89' lang='lat' dir='ltr'><strong>velim,</strong></span> <span class='ocrx_word' id='word_1_40' title='bbox 636 914 697 977; x_wconf 91' lang='lat' dir='ltr'><strong>nisi</strong></span> <span class='ocrx_word' id='word_1_41' title='bbox 722 913 802 979; x_wconf 86' lang='lat' dir='ltr'><strong>forte</strong></span> <span class='ocrx_word' id='word_1_42' title='bbox 824 913 1060 1001; x_wconf 79' lang='lat' dir='ltr'><strong>grammaticis,</strong></span> <span class='ocrx_word' id='word_1_43' title='bbox 1084 914 1140 998; x_wconf 88' lang='lat' dir='ltr'><strong>qui</strong></span> <span class='ocrx_word' id='word_1_44' title='bbox 1162 913 1316 980; x_wconf 88' lang='lat' dir='ltr'><strong>Plautum</strong></span> <span class='ocrx_word' id='word_1_45' title='bbox 1339 936 1385 980; x_wconf 79' lang='lat' dir='ltr'><strong>re</strong></span> 
     </span>
     <span class='ocr_line' id='line_1_7' title="bbox 164 1014 1388 1104; baseline 0.002 -26"><span class='ocrx_word' id='word_1_46' title='bbox 164 1014 357 1097; x_wconf 84' lang='lat' dir='ltr'><strong>censuerint,</strong></span> <span class='ocrx_word' id='word_1_47' title='bbox 380 1015 544 1101; x_wconf 89' lang='lat' dir='ltr'><strong>ingenium</strong></span> <span class='ocrx_word' id='word_1_48' title='bbox 561 1038 691 1102; x_wconf 91' lang='lat' dir='ltr'><strong>prorsus</strong></span> <span class='ocrx_word' id='word_1_49' title='bbox 708 1017 873 1104; x_wconf 90' lang='lat' dir='ltr'><strong>singulare</strong></span> <span class='ocrx_word' id='word_1_50' title='bbox 890 1018 1165 1103; x_wconf 89' lang='lat' dir='ltr'><strong>praecipuumque</strong></span> <span class='ocrx_word' id='word_1_51' title='bbox 1181 1017 1263 1081; x_wconf 90' lang='lat' dir='ltr'><strong>iuter</strong></span> <span class='ocrx_word' id='word_1_52' title='bbox 1278 1038 1388 1082; x_wconf 86' lang='lat' dir='ltr'><strong>omnes</strong></span> 
     </span>
     <span class='ocr_line' id='line_1_8' title="bbox 164 1118 1386 1206; baseline 0.001 -24"><span class='ocrx_word' id='word_1_53' title='bbox 164 1118 258 1200; x_wconf 89' lang='lat' dir='ltr'><strong>quasi</strong></span> <span class='ocrx_word' id='word_1_54' title='bbox 291 1119 451 1183; x_wconf 88' lang='lat' dir='ltr'><strong>fervorem</strong></span> <span class='ocrx_word' id='word_1_55' title='bbox 487 1120 632 1184; x_wconf 89' lang='lat' dir='ltr'><strong>mutandi</strong></span> <span class='ocrx_word' id='word_1_56' title='bbox 666 1129 806 1206; x_wconf 89' lang='lat' dir='ltr'><strong>arroget.</strong></span> <span class='ocrx_word' id='word_1_57' title='bbox 850 1120 949 1185; x_wconf 91' lang='lat' dir='ltr'><strong>immo</strong></span> <span class='ocrx_word' id='word_1_58' title='bbox 987 1143 1096 1185; x_wconf 90' lang='lat' dir='ltr'><strong>earum</strong></span> <span class='ocrx_word' id='word_1_59' title='bbox 1136 1119 1279 1184; x_wconf 89' lang='lat' dir='ltr'><strong>maxima</strong></span> <span class='ocrx_word' id='word_1_60' title='bbox 1309 1141 1386 1205; x_wconf 90' lang='lat' dir='ltr'><strong>pars</strong></span> 
     </span>
     <span class='ocr_line' id='line_1_9' title="bbox 166 1221 1387 1305; baseline 0.003 -22"><span class='ocrx_word' id='word_1_61' title='bbox 166 1221 359 1298; x_wconf 90' lang='lat' dir='ltr'><strong>necessario,</strong></span> <span class='ocrx_word' id='word_1_62' title='bbox 383 1221 507 1305; x_wconf 86' lang='lat' dir='ltr'><strong>reliqua</strong></span> <span class='ocrx_word' id='word_1_63' title='bbox 523 1222 689 1288; x_wconf 91' lang='lat' dir='ltr'><strong>commode</strong></span> <span class='ocrx_word' id='word_1_64' title='bbox 706 1224 748 1288; x_wconf 90' lang='lat' dir='ltr'><strong>ad</strong></span> <span class='ocrx_word' id='word_1_65' title='bbox 770 1222 842 1288; x_wconf 89' lang='lat' dir='ltr'><strong>illas</strong></span> <span class='ocrx_word' id='word_1_66' title='bbox 864 1223 1068 1289; x_wconf 85' lang='lat' dir='ltr'><strong>recensiones</strong></span> <span class='ocrx_word' id='word_1_67' title='bbox 1090 1223 1183 1287; x_wconf 89' lang='lat' dir='ltr'><strong>novis</strong></span> <span class='ocrx_word' id='word_1_68' title='bbox 1205 1221 1387 1288; x_wconf 88' lang='lat' dir='ltr'><strong>actionibus</strong></span> 
     </span>
     <span class='ocr_line' id='line_1_10' title="bbox 168 1323 1388 1403; baseline 0.002 -16"><span class='ocrx_word' id='word_1_69' title='bbox 168 1323 345 1390; x_wconf 88' lang='lat' dir='ltr'><strong>destinatas</strong></span> <span class='ocrx_word' id='word_1_70' title='bbox 362 1327 509 1403; x_wconf 85' lang='lat' dir='ltr'><strong>refertur,</strong></span> <span class='ocrx_word' id='word_1_71' title='bbox 532 1325 618 1390; x_wconf 90' lang='lat' dir='ltr'><strong>unde</strong></span> <span class='ocrx_word' id='word_1_72' title='bbox 635 1328 667 1391; x_wconf 92' lang='lat' dir='ltr'><strong>in</strong></span> <span class='ocrx_word' id='word_1_73' title='bbox 684 1327 885 1391; x_wconf 86' lang='lat' dir='ltr'><strong>recensiones</strong></span> <span class='ocrx_word' id='word_1_74' title='bbox 902 1326 997 1391; x_wconf 92' lang='lat' dir='ltr'><strong>modo</strong></span> <span class='ocrx_word' id='word_1_75' title='bbox 1013 1324 1275 1403; x_wconf 85' lang='lat' dir='ltr'><strong>Ambrosianam,</strong></span> <span class='ocrx_word' id='word_1_76' title='bbox 1292 1325 1388 1390; x_wconf 90' lang='lat' dir='ltr'><strong>modo</strong></span> 
     </span>
     <span class='ocr_line' id='line_1_11' title="bbox 164 1426 1388 1514; baseline -0.001 -22"><span class='ocrx_word' id='word_1_77' title='bbox 164 1426 347 1492; x_wconf 88' lang='lat' dir='ltr'><strong>Palatinam</strong></span> <span class='ocrx_word' id='word_1_78' title='bbox 374 1428 578 1496; x_wconf 88' lang='lat' dir='ltr'><strong>transierunt.</strong></span> <span class='ocrx_word' id='word_1_79' title='bbox 616 1429 649 1493; x_wconf 91' lang='lat' dir='ltr'><strong>in</strong></span> <span class='ocrx_word' id='word_1_80' title='bbox 677 1429 834 1509; x_wconf 85' lang='lat' dir='ltr'><strong>eiusmodi</strong></span> <span class='ocrx_word' id='word_1_81' title='bbox 867 1429 1088 1514; x_wconf 85' lang='lat' dir='ltr'><strong>exemplorum</strong></span> <span class='ocrx_word' id='word_1_82' title='bbox 1124 1427 1329 1494; x_wconf 88' lang='lat' dir='ltr'><strong>multitudine</strong></span> <span class='ocrx_word' id='word_1_83' title='bbox 1360 1427 1388 1491; x_wconf 87' lang='lat' dir='ltr'><strong>si</strong></span> 
     </span>
     <span class='ocr_line' id='line_1_12' title="bbox 166 1530 1386 1620; baseline -0.001 -25"><span class='ocrx_word' id='word_1_84' title='bbox 166 1531 239 1618; x_wconf 90' lang='lat' dir='ltr'><strong>quis</strong></span> <span class='ocrx_word' id='word_1_85' title='bbox 261 1553 361 1596; x_wconf 93' lang='lat' dir='ltr'><strong>unum</strong></span> <span class='ocrx_word' id='word_1_86' title='bbox 377 1532 557 1597; x_wconf 89' lang='lat' dir='ltr'><strong>alterumve</strong></span> <span class='ocrx_word' id='word_1_87' title='bbox 573 1542 759 1620; x_wconf 88' lang='lat' dir='ltr'><strong>exemptum</strong></span> <span class='ocrx_word' id='word_1_88' title='bbox 773 1532 1070 1618; x_wconf 82' lang='lat' dir='ltr'><strong>grammaticaeque</strong></span> <span class='ocrx_word' id='word_1_89' title='bbox 1085 1531 1192 1618; x_wconf 90' lang='lat' dir='ltr'><strong>potius</strong></span> <span class='ocrx_word' id='word_1_90' title='bbox 1207 1530 1386 1596; x_wconf 85' lang='lat' dir='ltr'><strong>recensioni</strong></span> 
     </span>
     <span class='ocr_line' id='line_1_13' title="bbox 168 1632 1385 1721; baseline 0 -23"><span class='ocrx_word' id='word_1_91' title='bbox 168 1634 369 1721; x_wconf 88' lang='lat' dir='ltr'><strong>assignatum</strong></span> <span class='ocrx_word' id='word_1_92' title='bbox 395 1635 475 1715; x_wconf 93' lang='lat' dir='ltr'><strong>vult,</strong></span> <span class='ocrx_word' id='word_1_93' title='bbox 499 1635 629 1699; x_wconf 92' lang='lat' dir='ltr'><strong>minime</strong></span> <span class='ocrx_word' id='word_1_94' title='bbox 653 1633 867 1699; x_wconf 86' lang='lat' dir='ltr'><strong>adversabor:</strong></span> <span class='ocrx_word' id='word_1_95' title='bbox 897 1635 937 1698; x_wconf 92' lang='lat' dir='ltr'><strong>de</strong></span> <span class='ocrx_word' id='word_1_96' title='bbox 959 1635 1060 1721; x_wconf 89' lang='lat' dir='ltr'><strong>ipsius</strong></span> <span class='ocrx_word' id='word_1_97' title='bbox 1087 1634 1160 1700; x_wconf 88' lang='lat' dir='ltr'><strong>viae</strong></span> <span class='ocrx_word' id='word_1_98' title='bbox 1182 1655 1222 1698; x_wconf 91' lang='lat' dir='ltr'><strong>ac</strong></span> <span class='ocrx_word' id='word_1_99' title='bbox 1243 1632 1385 1711; x_wconf 89' lang='lat' dir='ltr'><strong>rationis,</strong></span> 
     </span>
     <span class='ocr_line' id='line_1_14' title="bbox 166 1735 1387 1824; baseline 0.001 -24"><span class='ocrx_word' id='word_1_100' title='bbox 166 1759 264 1820; x_wconf 91' lang='lat' dir='ltr'><strong>quam</strong></span> <span class='ocrx_word' id='word_1_101' title='bbox 280 1749 407 1802; x_wconf 88' lang='lat' dir='ltr'><strong>secutus</strong></span> <span class='ocrx_word' id='word_1_102' title='bbox 423 1760 504 1815; x_wconf 90' lang='lat' dir='ltr'><strong>sum,</strong></span> <span class='ocrx_word' id='word_1_103' title='bbox 528 1739 662 1803; x_wconf 88' lang='lat' dir='ltr'><strong>veritate</strong></span> <span class='ocrx_word' id='word_1_104' title='bbox 679 1737 786 1802; x_wconf 90' lang='lat' dir='ltr'><strong>nullus</strong></span> <span class='ocrx_word' id='word_1_105' title='bbox 806 1736 925 1803; x_wconf 91' lang='lat' dir='ltr'><strong>dubito.</strong></span> <span class='ocrx_word' id='word_1_106' title='bbox 960 1747 1096 1824; x_wconf 88' lang='lat' dir='ltr'><strong>utraque</strong></span> <span class='ocrx_word' id='word_1_107' title='bbox 1119 1746 1227 1800; x_wconf 89' lang='lat' dir='ltr'><strong>autem</strong></span> <span class='ocrx_word' id='word_1_108' title='bbox 1242 1735 1387 1802; x_wconf 86' lang='lat' dir='ltr'><strong>recensio</strong></span> 
     </span>
     <span class='ocr_line' id='line_1_15' title="bbox 166 1832 1389 1926; baseline 0 -24"><span class='ocrx_word' id='word_1_109' title='bbox 166 1861 239 1904; x_wconf 92' lang='lat' dir='ltr'><strong>cum</strong></span> <span class='ocrx_word' id='word_1_110' title='bbox 262 1862 303 1904; x_wconf 85' lang='lat' dir='ltr'><strong>ex</strong></span> <span class='ocrx_word' id='word_1_111' title='bbox 325 1839 389 1904; x_wconf 92' lang='lat' dir='ltr'><strong>illis</strong></span> <span class='ocrx_word' id='word_1_112' title='bbox 411 1838 553 1906; x_wconf 84' lang='lat' dir='ltr'><strong>fontibus</strong></span> <span class='ocrx_word' id='word_1_113' title='bbox 576 1851 720 1906; x_wconf 92' lang='lat' dir='ltr'><strong>correcta</strong></span> <span class='ocrx_word' id='word_1_114' title='bbox 743 1839 796 1923; x_wconf 92' lang='lat' dir='ltr'><strong>sit,</strong></span> <span class='ocrx_word' id='word_1_115' title='bbox 827 1839 861 1904; x_wconf 90' lang='lat' dir='ltr'><strong>in</strong></span> <span class='ocrx_word' id='word_1_116' title='bbox 882 1840 978 1904; x_wconf 91' lang='lat' dir='ltr'><strong>huius</strong></span> <span class='ocrx_word' id='word_1_117' title='bbox 1007 1832 1135 1926; x_wconf 89' lang='lat' dir='ltr'><strong>generis</strong></span> <span class='ocrx_word' id='word_1_118' title='bbox 1162 1837 1389 1924; x_wconf 86' lang='lat' dir='ltr'><strong>discrepantiis</strong></span> 
     </span>
     <span class='ocr_line' id='line_1_16' title="bbox 165 1942 1388 2030; baseline 0 -24"><span class='ocrx_word' id='word_1_119' title='bbox 165 1955 240 2006; x_wconf 90' lang='lat' dir='ltr'><strong>utra</strong></span> <span class='ocrx_word' id='word_1_120' title='bbox 263 1942 393 2030; x_wconf 89' lang='lat' dir='ltr'><strong>saepius</strong></span> <span class='ocrx_word' id='word_1_121' title='bbox 416 1942 609 2028; x_wconf 84' lang='lat' dir='ltr'><strong>scripturam</strong></span> <span class='ocrx_word' id='word_1_122' title='bbox 636 1943 822 2008; x_wconf 90' lang='lat' dir='ltr'><strong>Plautinam</strong></span> <span class='ocrx_word' id='word_1_123' title='bbox 849 1943 1027 2007; x_wconf 88' lang='lat' dir='ltr'><strong>servaverit</strong></span> <span class='ocrx_word' id='word_1_124' title='bbox 1053 1963 1222 2007; x_wconf 90' lang='lat' dir='ltr'><strong>numerare</strong></span> <span class='ocrx_word' id='word_1_125' title='bbox 1249 1951 1285 2006; x_wconf 92' lang='lat' dir='ltr'><strong>ut</strong></span> <span class='ocrx_word' id='word_1_126' title='bbox 1306 1942 1388 2029; x_wconf 90' lang='lat' dir='ltr'><strong>peri·</strong></span> 
     </span>
     <span class='ocr_line' id='line_1_17' title="bbox 166 2043 1386 2132; baseline 0 -22"><span class='ocrx_word' id='word_1_127' title='bbox 166 2045 311 2110; x_wconf 87' lang='lat' dir='ltr'><strong>culusum</strong></span> <span class='ocrx_word' id='word_1_128' title='bbox 338 2045 384 2109; x_wconf 89' lang='lat' dir='ltr'><strong>ita</strong></span> <span class='ocrx_word' id='word_1_129' title='bbox 412 2045 550 2110; x_wconf 90' lang='lat' dir='ltr'><strong>otiosum</strong></span> <span class='ocrx_word' id='word_1_130' title='bbox 573 2057 631 2110; x_wconf 90' lang='lat' dir='ltr'><strong>est.</strong></span> <span class='ocrx_word' id='word_1_131' title='bbox 675 2069 751 2111; x_wconf 90' lang='lat' dir='ltr'><strong>nam</strong></span> <span class='ocrx_word' id='word_1_132' title='bbox 779 2068 819 2111; x_wconf 91' lang='lat' dir='ltr'><strong>ne</strong></span> <span class='ocrx_word' id='word_1_133' title='bbox 846 2068 982 2131; x_wconf 89' lang='lat' dir='ltr'><strong>urgeam</strong></span> <span class='ocrx_word' id='word_1_134' title='bbox 1021 2044 1108 2132; x_wconf 89' lang='lat' dir='ltr'><strong>quod</strong></span> <span class='ocrx_word' id='word_1_135' title='bbox 1142 2043 1299 2109; x_wconf 88' lang='lat' dir='ltr'><strong>iudicium</strong></span> <span class='ocrx_word' id='word_1_136' title='bbox 1336 2054 1386 2110; x_wconf 87' lang='lat' dir='ltr'><strong>sat</strong></span> 
     </span>
     <span class='ocr_line' id='line_1_18' title="bbox 166 2146 1386 2235; baseline -0.001 -22"><span class='ocrx_word' id='word_1_137' title='bbox 166 2148 273 2214; x_wconf 90' lang='lat' dir='ltr'><strong>multis</strong></span> <span class='ocrx_word' id='word_1_138' title='bbox 305 2149 383 2213; x_wconf 91' lang='lat' dir='ltr'><strong>locis</strong></span> <span class='ocrx_word' id='word_1_139' title='bbox 417 2171 548 2234; x_wconf 86' lang='lat' dir='ltr'><strong>prorsus</strong></span> <span class='ocrx_word' id='word_1_140' title='bbox 583 2148 708 2213; x_wconf 90' lang='lat' dir='ltr'><strong>nullum</strong></span> <span class='ocrx_word' id='word_1_141' title='bbox 735 2149 804 2214; x_wconf 90' lang='lat' dir='ltr'><strong>fieri</strong></span> <span class='ocrx_word' id='word_1_142' title='bbox 837 2157 943 2235; x_wconf 86' lang='lat' dir='ltr'><strong>potest</strong></span> <span class='ocrx_word' id='word_1_143' title='bbox 976 2146 1017 2212; x_wconf 93' lang='lat' dir='ltr'><strong>ob</strong></span> <span class='ocrx_word' id='word_1_144' title='bbox 1046 2169 1185 2233; x_wconf 88' lang='lat' dir='ltr'><strong>aequam</strong></span> <span class='ocrx_word' id='word_1_145' title='bbox 1211 2147 1386 2213; x_wconf 90' lang='lat' dir='ltr'><strong>lectionum</strong></span> 
     </span>
     <span class='ocr_line' id='line_1_19' title="bbox 166 2250 1389 2341; baseline -0.001 -23"><span class='ocrx_word' id='word_1_146' title='bbox 166 2253 416 2338; x_wconf 88' lang='lat' dir='ltr'><strong>praestantiam,</strong></span> <span class='ocrx_word' id='word_1_147' title='bbox 448 2253 553 2330; x_wconf 90' lang='lat' dir='ltr'><strong>casui,</strong></span> <span class='ocrx_word' id='word_1_148' title='bbox 581 2274 645 2316; x_wconf 90' lang='lat' dir='ltr'><strong>non</strong></span> <span class='ocrx_word' id='word_1_149' title='bbox 668 2252 783 2317; x_wconf 90' lang='lat' dir='ltr'><strong>rationi</strong></span> <span class='ocrx_word' id='word_1_150' title='bbox 811 2250 992 2316; x_wconf 91' lang='lat' dir='ltr'><strong>subiectam</strong></span> <span class='ocrx_word' id='word_1_151' title='bbox 1021 2273 1091 2316; x_wconf 90' lang='lat' dir='ltr'><strong>esse</strong></span> <span class='ocrx_word' id='word_1_152' title='bbox 1112 2251 1207 2341; x_wconf 24' lang='lat' dir='ltr'><strong>hanc·</strong></span> <span class='ocrx_word' id='word_1_153' title='bbox 1226 2260 1389 2338; x_wconf 86' lang='lat' dir='ltr'><strong>computa·</strong></span> 
     </span>
     <span class='ocr_line' id='line_1_20' title="bbox 166 2352 1388 2441; baseline -0.001 -22"><span class='ocrx_word' id='word_1_154' title='bbox 166 2353 284 2419; x_wconf 89' lang='lat' dir='ltr'><strong>tionem</strong></span> <span class='ocrx_word' id='word_1_155' title='bbox 307 2354 461 2419; x_wconf 86' lang='lat' dir='ltr'><strong>dixerim:</strong></span> <span class='ocrx_word' id='word_1_156' title='bbox 485 2355 557 2440; x_wconf 94' lang='lat' dir='ltr'><strong>quis</strong></span> <span class='ocrx_word' id='word_1_157' title='bbox 581 2355 665 2419; x_wconf 88' lang='lat' dir='ltr'><strong>enim</strong></span> <span class='ocrx_word' id='word_1_158' title='bbox 689 2354 855 2441; x_wconf 89' lang='lat' dir='ltr'><strong>negaverit</strong></span> <span class='ocrx_word' id='word_1_159' title='bbox 877 2354 947 2418; x_wconf 89' lang='lat' dir='ltr'><strong>fieri</strong></span> <span class='ocrx_word' id='word_1_160' title='bbox 970 2376 1074 2440; x_wconf 89' lang='lat' dir='ltr'><strong>posse,</strong></span> <span class='ocrx_word' id='word_1_161' title='bbox 1097 2365 1133 2419; x_wconf 92' lang='lat' dir='ltr'><strong>ut</strong></span> <span class='ocrx_word' id='word_1_162' title='bbox 1155 2352 1316 2418; x_wconf 90' lang='lat' dir='ltr'><strong>interdum</strong></span> <span class='ocrx_word' id='word_1_163' title='bbox 1338 2376 1388 2418; x_wconf 89' lang='lat' dir='ltr'><strong>eo·</strong></span> 
     </span>
     <span class='ocr_line' id='line_1_21' title="bbox 166 2454 1385 2544; baseline 0 -23"><span class='ocrx_word' id='word_1_164' title='bbox 166 2457 241 2522; x_wconf 90' lang='lat' dir='ltr'><strong>dem</strong></span> <span class='ocrx_word' id='word_1_165' title='bbox 255 2459 326 2524; x_wconf 91' lang='lat' dir='ltr'><strong>loco</strong></span> <span class='ocrx_word' id='word_1_166' title='bbox 348 2457 515 2543; x_wconf 90' lang='lat' dir='ltr'><strong>utriusque</strong></span> <span class='ocrx_word' id='word_1_167' title='bbox 530 2457 724 2523; x_wconf 86' lang='lat' dir='ltr'><strong>recensionis</strong></span> <span class='ocrx_word' id='word_1_168' title='bbox 748 2459 926 2544; x_wconf 87' lang='lat' dir='ltr'><strong>scripturae</strong></span> <span class='ocrx_word' id='word_1_169' title='bbox 943 2480 984 2522; x_wconf 87' lang='lat' dir='ltr'><strong>ex</strong></span> <span class='ocrx_word' id='word_1_170' title='bbox 1005 2457 1093 2522; x_wconf 90' lang='lat' dir='ltr'><strong>illius</strong></span> <span class='ocrx_word' id='word_1_171' title='bbox 1108 2456 1196 2521; x_wconf 91' lang='lat' dir='ltr'><strong>modi</strong></span> <span class='ocrx_word' id='word_1_172' title='bbox 1219 2454 1385 2521; x_wconf 89' lang='lat' dir='ltr'><strong>codicibus</strong></span> 
     </span>
     <span class='ocr_line' id='line_1_22' title="bbox 165 2559 1387 2647; baseline -0.002 -22"><span class='ocrx_word' id='word_1_173' title='bbox 165 2561 353 2647; x_wconf 86' lang='lat' dir='ltr'><strong>desumptae</strong></span> <span class='ocrx_word' id='word_1_174' title='bbox 369 2560 433 2624; x_wconf 91' lang='lat' dir='ltr'><strong>sint</strong></span> <span class='ocrx_word' id='word_1_175' title='bbox 456 2570 552 2645; x_wconf 88' lang='lat' dir='ltr'><strong>atque</strong></span> <span class='ocrx_word' id='word_1_176' title='bbox 575 2560 656 2625; x_wconf 91' lang='lat' dir='ltr'><strong>adeo</strong></span> <span class='ocrx_word' id='word_1_177' title='bbox 679 2573 714 2625; x_wconf 88' lang='lat' dir='ltr'><strong>ut</strong></span> <span class='ocrx_word' id='word_1_178' title='bbox 737 2561 928 2646; x_wconf 87' lang='lat' dir='ltr'><strong>exquisitior</strong></span> <span class='ocrx_word' id='word_1_179' title='bbox 950 2561 1109 2646; x_wconf 91' lang='lat' dir='ltr'><strong>scriptura</strong></span> <span class='ocrx_word' id='word_1_180' title='bbox 1131 2559 1289 2636; x_wconf 92' lang='lat' dir='ltr'><strong>histrioni,</strong></span> <span class='ocrx_word' id='word_1_181' title='bbox 1313 2559 1387 2623; x_wconf 90' lang='lat' dir='ltr'><strong>sim·</strong></span> 
     </span>
     <span class='ocr_line' id='line_1_23' title="bbox 166 2661 1387 2751; baseline -0.002 -24"><span class='ocrx_word' id='word_1_182' title='bbox 166 2663 281 2750; x_wconf 87' lang='lat' dir='ltr'><strong>plieior</strong></span> <span class='ocrx_word' id='word_1_183' title='bbox 303 2663 420 2729; x_wconf 90' lang='lat' dir='ltr'><strong>Plauto</strong></span> <span class='ocrx_word' id='word_1_184' title='bbox 443 2662 624 2729; x_wconf 76' lang='lat' dir='ltr'><strong>debeatur?</strong></span> <span class='ocrx_word' id='word_1_185' title='bbox 647 2685 757 2728; x_wconf 90' lang='lat' dir='ltr'><strong>omnes</strong></span> <span class='ocrx_word' id='word_1_186' title='bbox 779 2664 879 2751; x_wconf 91' lang='lat' dir='ltr'><strong>igitur</strong></span> <span class='ocrx_word' id='word_1_187' title='bbox 900 2664 998 2741; x_wconf 92' lang='lat' dir='ltr'><strong>locos,</strong></span> <span class='ocrx_word' id='word_1_188' title='bbox 1027 2670 1106 2747; x_wconf 94' lang='lat' dir='ltr'><strong>quot</strong></span> <span class='ocrx_word' id='word_1_189' title='bbox 1128 2661 1259 2749; x_wconf 91' lang='lat' dir='ltr'><strong>quidem</strong></span> <span class='ocrx_word' id='word_1_190' title='bbox 1280 2683 1387 2726; x_wconf 90' lang='lat' dir='ltr'><strong>recen-</strong></span> 
     </span>
     <span class='ocr_line' id='line_1_24' title="bbox 166 2765 1389 2850; baseline -0.002 -18"><span class='ocrx_word' id='word_1_191' title='bbox 166 2767 247 2832; x_wconf 88' lang='lat' dir='ltr'><strong>sioni</strong></span> <span class='ocrx_word' id='word_1_192' title='bbox 271 2767 436 2832; x_wconf 88' lang='lat' dir='ltr'><strong>scaenicae</strong></span> <span class='ocrx_word' id='word_1_193' title='bbox 460 2765 690 2831; x_wconf 90' lang='lat' dir='ltr'><strong>adscribendos</strong></span> <span class='ocrx_word' id='word_1_194' title='bbox 713 2788 782 2831; x_wconf 90' lang='lat' dir='ltr'><strong>esse</strong></span> <span class='ocrx_word' id='word_1_195' title='bbox 806 2776 926 2832; x_wconf 88' lang='lat' dir='ltr'><strong>certum</strong></span> <span class='ocrx_word' id='word_1_196' title='bbox 944 2775 1002 2845; x_wconf 89' lang='lat' dir='ltr'><strong>est,</strong></span> <span class='ocrx_word' id='word_1_197' title='bbox 1025 2765 1053 2831; x_wconf 92' lang='lat' dir='ltr'><strong>si</strong></span> <span class='ocrx_word' id='word_1_198' title='bbox 1074 2766 1147 2850; x_wconf 90' lang='lat' dir='ltr'><strong>quis</strong></span> <span class='ocrx_word' id='word_1_199' title='bbox 1170 2765 1211 2831; x_wconf 91' lang='lat' dir='ltr'><strong>de</strong></span> <span class='ocrx_word' id='word_1_200' title='bbox 1233 2765 1389 2830; x_wconf 91' lang='lat' dir='ltr'><strong>recensio-</strong></span> 
     </span>
     <span class='ocr_line' id='line_1_25' title="bbox 166 2867 1387 2956; baseline -0.001 -22"><span class='ocrx_word' id='word_1_201' title='bbox 166 2893 243 2935; x_wconf 92' lang='lat' dir='ltr'><strong>num</strong></span> <span class='ocrx_word' id='word_1_202' title='bbox 277 2870 468 2936; x_wconf 89' lang='lat' dir='ltr'><strong>auctoritate</strong></span> <span class='ocrx_word' id='word_1_203' title='bbox 495 2871 657 2956; x_wconf 91' lang='lat' dir='ltr'><strong>integrum</strong></span> <span class='ocrx_word' id='word_1_204' title='bbox 685 2869 841 2935; x_wconf 90' lang='lat' dir='ltr'><strong>iudicium</strong></span> <span class='ocrx_word' id='word_1_205' title='bbox 869 2870 1012 2935; x_wconf 88' lang='lat' dir='ltr'><strong>facturus</strong></span> <span class='ocrx_word' id='word_1_206' title='bbox 1040 2878 1104 2947; x_wconf 90' lang='lat' dir='ltr'><strong>est,</strong></span> <span class='ocrx_word' id='word_1_207' title='bbox 1138 2889 1203 2933; x_wconf 92' lang='lat' dir='ltr'><strong>non</strong></span> <span class='ocrx_word' id='word_1_208' title='bbox 1239 2867 1387 2934; x_wconf 86' lang='lat' dir='ltr'><strong>adhiberi</strong></span> 
     </span>
     <span class='ocr_line' id='line_1_26' title="bbox 165 2982 306 3061; baseline -0.014 -23"><span class='ocrx_word' id='word_1_209' title='bbox 165 2996 226 3061; x_wconf 92' lang='lat' dir='ltr'><strong>par</strong></span> <span class='ocrx_word' id='word_1_210' title='bbox 248 2982 306 3039; x_wconf 84' lang='lat' dir='ltr'><strong>est.</strong></span> 
     </span>
    </p>
   </div>
   <div class='ocr_carea' id='block_1_3' title="bbox 0 0 1569 5138">
    <p class='ocr_par' dir='ltr' id='par_1_3' title="bbox 0 0 1569 5138">
     <span class='ocr_line' id='line_1_27' title="bbox 0 0 1569 5138; baseline 0 0"><span class='ocrx_word' id='word_1_211' title='bbox 0 0 1569 5138; x_wconf 95' lang='lat' dir='ltr'><strong> </strong></span> 
     </span>
    </p>
   </div>
  </div>
 </body>
</html>
