3120 5138
682 288 723 354 85

85 516 151 578 quo
186 495 257 558 loco
279 493 340 559 nisi
363 516 474 559 casum
499 495 581 558 miro
613 495 708 559 modo
736 496 877 560 valuisse
905 495 1080 573 credimus,
1109 495 1191 561 nihil
1218 497 1310 560 relin-

86 596 207 679 quitur,
221 596 281 660 nisi
294 598 561 663 utPalatinorum
567 598 816 684 grammaticum
829 596 953 661 iambos
965 597 1081 683 legisse
1093 621 1268 676 sumamus,
1275 608 1311 664 ut

82 697 165 783 legit
181 697 390 764 Ambrosiani
412 709 576 766 corrector
592 698 735 763 eiusdem
750 698 880 764 fabulae
897 723 949 764 vv.
965 700 1038 765 368.
1054 699 1134 776 9103
1151 701 1191 765 cf.
1210 723 1242 786 p.
1258 700 1310 766 63.

134 801 216 864 Tria.
239 800 280 864 71

172 903 221 968 A:
243 902 318 969 Nisi
340 914 376 970 tu
398 926 449 968 me
472 903 620 968 mihimet
642 924 753 967 censes
772 902 934 968 dicturum
957 902 1040 968 male

170 1003 213 1069 P:
236 1002 311 1069 Nisi
333 1015 401 1070 tute
423 1005 501 1070 mihi
525 1028 576 1071 me
599 1026 709 1070 censes
734 1004 895 1070 dicturum
920 1006 1003 1070 male

84 1110 128 1173 cf.
152 1106 369 1193 Niemeyerus
391 1130 423 1193 p.
448 1108 499 1173 33.

131 1210 224 1275 Stich.
247 1209 307 1276 331

173 1314 218 1377 A:
242 1312 385 1398 Respice
401 1311 443 1376 ad
459 1335 510 1378 me
527 1324 559 1377 et
580 1312 725 1397 relinque
749 1324 897 1400 egentem
920 1314 1107 1400 parasitum,
1129 1311 1311 1398 Panegyris

176 1414 223 1480 P:
246 1414 388 1501 Respice
410 1437 461 1480 me
484 1427 515 1480 et
536 1416 680 1500 relinque
704 1428 850 1502 egentem
874 1438 901 1481 e.
926 1439 957 1500 q.
980 1439 1006 1481 s.

80 1518 120 1581 in
134 1518 164 1582 P
182 1518 413 1584 correctionem
427 1519 596 1583 metricam
618 1529 738 1584 statuo:
761 1519 893 1584 offendit
916 1518 1000 1583 enim
1022 1518 1254 1604 grammaticus
1276 1516 1309 1580 in

81 1620 221 1705 ‚respice
248 1620 291 1685 ad
319 1641 370 1684 me
400 1620 432 1684 et
455 1621 626 1704 relinque‘,
658 1621 744 1704 quod
772 1643 812 1686 ne
836 1620 1029 1686 novissimus
1052 1619 1183 1707 quidem
1206 1620 1310 1684 editor

80 1722 224 1808 probare
253 1722 373 1789 debuit.
403 1723 437 1787 ni
465 1723 572 1800 fallor,
603 1725 636 1787 in
657 1724 825 1808 utriusque
852 1723 1046 1789 recensionis
1069 1721 1246 1807 archetypo
1268 1743 1309 1786 ex

82 1827 298 1903 correctione,
328 1825 458 1908 qualem
487 1824 745 1912 frequentissime
773 1825 911 1890 inveniri
938 1825 1023 1889 infra
1046 1823 1242 1901 videbimus,
1265 1846 1309 1889 re·

83 1928 188 2014 linque
209 1927 365 2012 scriptum
386 1926 447 1991 fuit
469 1949 528 2013 pro
550 1927 663 2013 linque:

171 2029 311 2116 Respice
339 2030 381 2093 ad
414 2052 467 2095 me
501 2043 532 2095 et
564 2030 675 2117 linque
709 2041 858 2116 egentem
890 2029 1085 2114 parasitum,
1117 2028 1309 2115 Panegyris.

82 2134 127 2198 cf.
151 2134 262 2197 Pseud.
290 2132 350 2200 140
372 2154 420 2216 sq.
451 2143 497 2210 ,ut
524 2132 659 2197 mavelis
681 2133 774 2217 lupos
797 2131 884 2217 apud
906 2132 994 2196 oveis
1017 2131 1176 2215 linquere,
1201 2130 1308 2216 Quam

82 2236 145 2299 hos
168 2234 254 2299 domi
278 2234 448 2299 custodes‘.
493 2236 581 2299 Asin.
605 2235 668 2300 280
697 2257 778 2312 ‚eros
801 2235 834 2299 in
857 2234 1022 2299 obsidione
1045 2235 1190 2320 linquet‘.
1236 2233 1307 2300 Gist.

83 2336 145 2402 111
169 2336 208 2400 12
231 2337 351 2418 ,lumen
374 2335 495 2420 linque‘
518 2339 575 2423 (=
596 2336 744 2422 morere).
767 2347 864 2420 atque
888 2336 963 2403 huic
985 2336 1189 2403 coniecturae
1211 2335 1309 2401 fidem

82 2439 172 2519 facit,
197 2439 284 2526 quod
307 2437 355 2502 sic
377 2439 459 2503 alter
482 2459 612 2525 quoque
636 2438 726 2504 locus
748 2449 951 2523 persanatur.

131 2541 197 2607 Cas.
221 2541 355 2622 113‚33

170 2641 331 2729 Relinque
367 2641 570 2728 aliquantum
602 2641 771 2719 orationis,
806 2664 877 2708 cras
911 2644 997 2729 quod
1031 2664 1158 2707 mecum
1190 2641 1308 2727 litiges.

84 2766 183 2828 quem
211 2765 284 2809 cum
322 2744 516 2808 antecedant
538 2742 710 2825 octonarii,
744 2758 920 2831 sequantur
941 2744 1114 2832 septenarii
1142 2744 1308 2822 trochaici,

85 2847 173 2911 hunc
188 2846 293 2911 solum
315 2869 444 2912 versum
467 2868 525 2931 per
547 2845 671 2911 iambos
694 2847 862 2931 scripsisse
885 2862 1012 2934 poetam
1035 2869 1055 2910 a
1077 2845 1306 2933 probabilitate

85 2948 251 3033 abhorret3
275 2971 334 3014 nec
350 2958 455 3033 potest
472 2949 655 3014 trochaicus
677 2948 744 3035 logi
766 2959 914 3033 correpta
937 2949 1028 3014 verbi
1049 2948 1185 3034 relinque
1206 2948 1308 3013 altera

85 3050 226 3137 syllaba,
251 3050 290 3116 de
314 3073 379 3139 quo
403 3053 443 3116 cf.
466 3051 641 3116 Muellerus
664 3051 750 3114 Proa
773 3051 876 3114 Plact.
900 3075 932 3140 p.
955 3052 1017 3116 251
1040 3073 1088 3135 sq.
1111 3052 1221 3135 itaque
1244 3072 1307 3115 me-

85 3174 160 3218 cum
182 3152 318 3218 scribas:

170 3257 298 3342 Linque
321 3257 522 3342 aliquantum
545 3255 713 3334 orationis,
738 3276 809 3319 cras
832 3256 918 3340 quod
941 3277 1067 3321 mecum
1089 3256 1206 3343 litiges.

85 3361 231 3427 Tertium
258 3359 357 3425 affero
379 3360 492 3428 Bacch.
517 3359 595 3437 496,
623 3357 883 3423 intricatissimae
914 3358 1113 3424 condicionis
1143 3359 1251 3425 locum
1273 3360 1307 3424 in

84 3476 222 3547 utraque
244 3461 431 3526 recensione
454 3461 565 3526 turbas
591 3483 791 3549 perpessum.

171 3567 217 3630 A:
246 3564 364 3630 Melius
387 3564 487 3629 multo
509 3585 560 3628 me
583 3585 711 3651 quoque
737 3585 802 3627 una
825 3564 852 3627 si
882 3585 955 3629 cum
982 3563 1044 3628 hoc
1052 3563 1081 3648 ¹)
1108 3563 1307 3648 relinqueres

169 3666 214 3732 P:
236 3667 355 3733 Melius
378 3677 462 3732 esset
485 3688 535 3731 me
558 3688 687 3753 quoque
711 3689 774 3731 una
798 3666 825 3731 si
848 3688 921 3732 cum
946 3666 1000 3731 illo
1023 3665 1231 3749 relinqueres.

84 3783 157 3836 esset
183 3772 217 3835 in
246 3770 407 3834 communi
443 3768 619 3854 archetypo
651 3769 751 3834 fuisse
778 3767 919 3833 ostendit
949 3769 987 3846 ,si
1015 3807 1058 3817 -
1087 3768 1307 3852 relinqueres‘,

85 3873 172 3961 quod
188 3874 217 3937 A
234 3893 363 3957 quoque
378 3872 527 3956 praebet3
550 3870 681 3955 quodsi
698 3870 892 3955 reponimus,
910 3871 982 3935 talis
1005 3891 1117 3936 versus
1141 3869 1174 3933 in
1197 3870 1306 3935 archc-

83 3989 164 4063 typo
186 3975 242 4040 illo
264 3975 364 4040 fuisse
387 3974 567 4039 credendus
589 3985 652 4039 est:

169 4077 287 4143 Melius
315 4087 398 4141 esset
421 4076 521 4141 multo
549 4098 600 4140 me
625 4095 753 4162 quoque
781 4096 845 4140 una
868 4074 894 4139 si
917 4096 991 4140 cum
1013 4074 1076 4141 hoc
1097 4075 1306 4161 relinqueres,

83 4178 141 4246 ubi
164 4180 311 4266 linqueres
333 4189 471 4244 metrum
498 4177 579 4243 bene
601 4177 792 4243 restitueret.
827 4175 924 4241 aliam
947 4177 1033 4242 viam
1061 4177 1224 4264 ingressus
1247 4187 1306 4256 est,

83 4283 142 4369 qui
160 4281 343 4348 Palatinam
365 4280 584 4348 recensionem
606 4279 766 4347 condidit:
801 4277 901 4345 verbo
928 4279 1023 4344 multo
1044 4278 1113 4343 sive
1136 4299 1216 4343 casu
1237 4277 1306 4344 sive

175 4521 196 4592 1)
213 4519 262 4575 sto
279 4519 438 4593 copprea,
456 4520 524 4574 am.
542 4517 575 4574 11
591 4535 617 4592 p.
635 4519 677 4574 :a
711 4518 883 4577 asseretur
901 4519 930 4576 tn
949 4519 976 4577 s
994 4516 1066 4594 tegit
1082 4517 1136 4574 uu.
