3120 5138
758 301 801 375 34

677 399 878 409 ————

174 501 277 573 ausim
300 510 508 587 contendere,
541 523 647 576 tamen
671 536 742 578 eam
770 537 897 599 quoque
921 514 962 577 ad
987 512 1122 576 eandem
1150 513 1218 576 fere
1241 520 1395 588 aetatem,

173 613 336 679 saeculum
360 615 532 698 septimum
557 614 639 693 dice,
663 617 770 682 redire
793 629 927 682 nonest
951 638 1008 681 cur
1022 637 1187 702 negemus,
1211 615 1238 679 si
1261 613 1396 698 quidem

171 717 235 780 iam
269 729 341 782 ante
370 716 466 786 Verri
489 717 600 781 Flacci
628 730 766 783 aetatem
794 719 1045 784 Ambrosianum
1073 719 1291 784 recensionem
1321 739 1395 783 con-

173 819 290 882 fectam
304 821 403 886 fuisse
414 820 654 887 concedendum
670 837 726 887 est.
743 811 799 887 sed
815 823 939 907 nequis
955 845 995 887 ex
1006 824 1110 887 forma
1118 823 1227 911 faciat
1237 821 1395 887 maiorem

171 925 398 1009 praestantiam
421 922 640 989 Ambrosiano
664 926 816 1003 vindicet,
840 926 1046 990 conferantur
1060 926 1133 989 Aul
1155 925 1228 990 788.
1253 922 1317 988 789
1338 923 1394 988 ‘ita

170 1025 203 1089 di
231 1027 361 1091 faxint
388 1027 524 1111 inquito.
552 1027 560 1112 ΙΙ
592 1028 637 1092 ita
661 1027 693 1093 di
715 1029 880 1093 faciant.
910 1029 918 1115 ll
949 1040 982 1093 et
1004 1028 1083 1093 mihi
1104 1027 1151 1092 ita
1173 1026 1207 1092 di
1228 1026 1393 1092 faciant.

169 1131 263 1194 Marc.
286 1131 348 1196 285
372 1130 405 1195 di
428 1132 542 1197 melius
564 1133 708 1198 faxint.
730 1134 738 1219 ll
761 1132 795 1196 di
817 1132 879 1196 hoc
901 1132 1032 1218 quidem
1054 1130 1215 1195 faciant.

170 1255 254 1316 quae
270 1235 393 1299 formae
411 1257 486 1299 cum
500 1236 583 1300 inter
600 1258 634 1299 se
649 1236 746 1301 facile
761 1235 951 1300 commutari
966 1235 1138 1320 potuerint,
1152 1234 1187 1298 in
1199 1257 1230 1297 v.
1242 1232 1395 1297 Paeudud'

170 1337 259 1401 facili
283 1337 465 1402 coniectura
488 1338 661 1424 recipimus
678 1341 797 1426 jacint,
820 1349 856 1403 ut
878 1339 941 1403 duo
957 1338 1124 1423 anapaesti
1146 1338 1253 1402 melius
1268 1337 1395 1423 facicm

170 1439 333 1504 tollantur.
344 1439 453 1524 itaque
463 1462 535 1506 cum
542 1443 960 1527 melioravaldesuspectum
973 1443 1023 1518 sit,
1030 1441 1136 1504 melica
1147 1450 1254 1504 autem
1266 1438 1393 1504 duobus

171 1543 250 1607 locis
272 1543 487 1630 integerrimis
509 1544 638 1631 legatur
646 1549 682 1631 ¹),
707 1548 769 1623 froc,
793 1568 856 1629 quo
880 1565 988 1608 carere
1011 1566 1075 1608 non
1097 1565 1281 1629 possumus,
1302 1543 1337 1607 in
1359 1544 1394 1608 A

168 1646 308 1711 deletum
342 1648 398 1724 sit,
439 1648 560 1712 scilicet
598 1662 633 1713 ut
672 1671 822 1713 mensura
849 1649 922 1734 fdce
961 1645 1030 1711 Ιιόο·
1048 1650 1129 1733 quod
1162 1647 1388 1732 corrigeretur,

166 1752 278 1834 gravis
309 1751 450 1835 suspicio
476 1752 578 1816 oritur
609 1751 803 1836 elegantiam
826 1749 1035 1815 Ambrosiani
1062 1749 1172 1814 deberi
1198 1751 1389 1815 correctoris

169 1853 355 1935 temeritati,
386 1854 473 1937 quod
496 1868 606 1919 contra
627 1854 849 1919 Palatiuorum
872 1852 1042 1935 memoria,
1073 1875 1156 1937 quae
1179 1851 1391 1917 Ambrosiani

170 1955 340 2040 splendore
362 1954 534 2021 obscurata
556 1956 723 2042 hucusque
747 1967 778 2021 et
801 1968 908 2042 spreta
924 1955 1034 2034 iacuit,
1057 1966 1207 2020 accurate
1228 1955 1393 2040 inquiren·

168 2057 253 2123 tibus
277 2058 370 2123 nobis
393 2070 428 2123 ut
451 2061 576 2123 sincera
599 2070 630 2125 et
652 2061 798 2146 legitima
819 2058 956 2144 probata
978 2069 1036 2122 est.

251 2180 364 2242 Pseud.
387 2178 578 2245 390-392.
622 2177 807 2243 Pseudulus
831 2178 872 2241 ad
899 2178 1033 2242 insidias
1056 2177 1196 2242 Ballioni
1218 2179 1390 2244 struendas

171 2303 189 2344 a
212 2279 365 2348 Calidoro
394 2291 430 2346 ut
452 2281 605 2345 callidum
634 2292 665 2345 et
691 2281 820 2345 fidelem
849 2281 989 2345 amicum
1022 2281 1146 2347 auxilio
1176 2291 1269 2346 vocet
1300 2283 1390 2367 petit.

167 2386 259 2449 cuius
281 2407 471 2472 responsum
493 2386 527 2449 in
551 2384 717 2451 codicibus
739 2385 784 2449 ita
807 2385 1047 2449 circumfertur:

210 2505 259 2568 A:
282 2504 384 2569 Pauci
409 2527 450 2568 ex
471 2505 579 2569 multis
603 2516 677 2570 sunt
700 2504 795 2568 amici
817 2504 939 2568 homini
962 2505 1103 2590 certe2)
1126 2502 1193 2588 qui
1216 2503 1300 2568 sient

272 2607 354 2694 llEgo
378 2608 444 2672 scio
465 2607 563 2672 istuc:
599 2631 676 2694 ergo
701 2618 874 2692 utrumque
904 2608 964 2672 tibi
990 2628 1077 2672 nunc
1101 2606 1285 2671 delectum
1311 2629 1390 2691 para

279 2710 340 2775 Ex
369 2711 505 2777 multis
533 2721 652 2796 atque
675 2711 844 2795 exquire
875 2733 921 2774 ex
949 2710 1036 2775 illis
1063 2710 1176 2775 amicis
1204 2699 1305 2775 unum
1335 2709 1388 2794 qui

766 2823 908 2879 'certust
930 2813 1024 2878 cedo

209 2914 253 2980 P:
283 2915 387 2981 Pauci
411 2938 452 2980 ex
474 2915 584 2982 multis
606 2927 680 2981 sunt
703 2917 799 2981 amici
822 2916 944 2982 homini
967 2917 1035 3004 qui
1058 2915 1157 2980 certi
1179 2915 1261 2979 sient

272 3019 354 3105 llElgo
387 3020 452 3084 scio
478 3020 576 3085 istuc:
615 3041 692 3106 ergo
721 3019 883 3104 utrimque
905 3018 964 3083 tibi
991 3041 1077 3084 nunc
1108 3017 1283 3082 dilectum
1309 3040 1389 3103 para

281 3123 342 3188 Ex
364 3121 498 3187 multis
521 3124 688 3206 exquire
710 3123 800 3187 illis
824 3146 924 3188 unum
947 3121 1003 3207 qui
1026 3131 1131 3186 certus
1154 3121 1244 3185 siet.

169 3242 227 3306 hos
251 3264 376 3320 versus,
400 3263 481 3326 quos
505 3242 673 3306 fatendum
695 3258 744 3306 est
766 3243 827 3308 hoc
849 3243 919 3308 loco
942 3265 972 3306 v.
996 3241 1059 3306 389
1080 3262 1240 3326 ,propera
1264 3239 1390 3306 adduce

166 3346 329 3411 hominem
361 3346 434 3410 cito‘
468 3367 488 3409 a
520 3368 552 3409 v.
580 3346 643 3411 393
675 3347 749 3424 ,iam
784 3346 837 3410 hic
870 3346 947 3409 faxo
980 3344 1093 3408 aderit‘
1115 3343 1199 3407 male
1228 3342 1389 3421 dirimere,

165 3449 343 3514 lrorenzius
367 3449 542 3531 damnavit,
557 3446 766 3534 Ladewigius
780 3459 887 3513 autem
902 3448 1027 3535 (Paitoi
1043 3445 1153 3512 XVII
1167 3469 1200 3531 p.
1214 3445 1293 3531 457)
1317 3456 1391 3531 post

166 3576 196 3618 v.
220 3552 284 3618 386
305 3552 411 3637 potius
434 3552 632 3615 revocandos
667 3574 735 3617 esse
763 3551 997 3615 demonstravit
1024 3551 1157 3635 eiusque
1186 3561 1390 3634 argumenta-

167 3656 285 3721 tionem
302 3654 516 3741 Niemeyerus
539 3654 717 3719 certissima
739 3653 961 3719 observatione
984 3653 1029 3716 ita
1044 3652 1191 3729 munivit,
1214 3661 1251 3716 ut
1266 3663 1391 3717 coutra-

166 3760 229 3824 dioi
249 3770 397 3845 nequeat.
441 3757 564 3823 monuit
586 3758 671 3823 enim
696 3758 789 3822 tertio
811 3758 917 3822 versui
942 3757 975 3820 in
1000 3755 1034 3821 A
1055 3756 1292 3843 agglutinatam
1320 3777 1390 3820 esse

166 3884 278 3927 vocem
304 3865 391 3941 cedo;
425 3883 507 3950 quae
536 3861 614 3946 quid
643 3860 704 3926 sibi
733 3860 830 3925 vellet
858 3883 932 3926 cum
966 3858 1138 3924 nemodum
1167 3857 1390 3937 intellexisset,

166 3967 236 4052 ipse
259 3966 341 4031 vidit
363 3965 503 4031 scribam
526 3963 705 4051 archetypi,
727 3965 784 4050 qui
807 3985 919 4029 versus
947 3985 1005 4028 suo
1028 3961 1099 4027 loco
1122 3961 1288 4037 omiserat,
1317 3976 1390 4046 post

167 4093 197 4135 v.
225 4069 288 4135 391
326 4092 380 4135 eos
414 4069 579 4146 adiecisse,
617 4068 732 4133 vocula
770 4077 877 4132 autem
915 4068 986 4130 cedo
1018 4066 1183 4153 adscripta
1216 4064 1390 4130 lectoribus

166 4174 336 4255 indicasse,
369 4172 428 4239 hos
461 4195 574 4240 versus
607 4172 671 4237 iam
705 4173 799 4255 sequi
831 4180 978 4256 oportere
1013 4191 1142 4233 versum
1171 4169 1252 4234 387:
1287 4166 1388 4246 ,Oedo

167 4336 368 4346 ———-

252 4431 272 4501 ¹)
289 4431 410 4486 Accedit
427 4430 529 4487 tertius
548 4427 612 4486 Ter.
630 4429 737 4484 Ptorm.
757 4427 824 4483 1005
842 4427 871 4480 dl
887 4427 980 4482 melius
999 4425 1080 4480 duint.

249 4553 272 4620 ²)
289 4551 497 4607 Studemundus
515 4550 545 4604 in
562 4548 655 4604 Fleck.
675 4566 735 4603 aaa.
752 4548 792 4614 93,
811 4548 852 4601 61.
