3120 5138
654 292 715 373 17'5

70 512 122 586 sit,
150 508 319 596 perleges
341 511 418 573 artis
441 511 571 575 criticae
594 515 698 576 imane
727 512 798 575 tene
820 508 1041 596 recipiendum
1064 520 1127 587 est,
1154 513 1295 574 incanum

71 613 143 676 bene
165 610 381 688 reiciendum,
418 611 478 675 etsi
504 623 638 676 externa
659 611 782 699 specie,
816 634 900 699 quae
928 634 1026 697 quam
1058 612 1162 677 fallax
1184 613 1226 677 sit
1249 621 1300 677 sat

70 737 169 803 saepe
192 714 341 796 vidimus,
367 713 605 799 quodammodo
628 713 882 780 commendatur.
917 737 1023 799 neque
1045 716 1078 779 in
1101 716 1228 782 occulto
1250 727 1299 782 est

71 817 242 882 consilium
261 817 449 881 correctoris
464 817 685 885 Ambrosiani.
722 819 839 882 etenim
855 838 929 882 cum
944 819 1034 881 Most.
1050 817 1113 884 908
1136 819 1298 897 ,insanum

69 919 209 1004 bonam‘,
233 921 347 985 Bacch.
364 920 424 985 761
441 922 601 998 ,insanum
617 924 793 1007 magnum,
821 919 902 983 Tria
920 921 982 986 673
999 920 1159 997 ‚insanum
1175 923 1297 988 malum

70 1023 258 1110 hospitium‘
274 1024 381 1110 legere
399 1023 603 1106 meminisset,
621 1023 662 1088 ad
678 1024 793 1089 horum
809 1022 1031 1108 exemplorum
1046 1024 1292 1091 similitudinem

71 1125 197 1192 duobus
221 1129 278 1211 qui
300 1125 493 1191 differebant
523 1125 600 1191 locis
625 1127 718 1192 docte
741 1150 819 1192 sane
847 1127 1031 1192 emendavit
1051 1129 1192 1192 imarum
1214 1129 1295 1193 bene.

69 1227 296 1294 Palatinorum
324 1242 431 1294 autem
453 1230 529 1294 fidei
552 1229 614 1294 hoe
635 1229 763 1296 accedit
789 1230 1017 1295 documentum
1040 1251 1105 1294 non
1127 1229 1296 1315 mediocre,

70 1332 159 1419 quod
176 1333 291 1397 Bacch.
309 1333 381 1411 761,
399 1356 464 1417 quo
486 1333 558 1398 loco
573 1336 713 1396 incurram
736 1331 890 1396 aPlauto
911 1332 1093 1420 profectum
1118 1355 1188 1397 esse
1211 1334 1297 1399 testi-

69 1436 180 1500 monio
213 1436 304 1500 Festi
331 1459 363 1523 p.
387 1437 449 1501 113
483 1436 643 1513 ‚insanum
680 1436 845 1522 [insanum
880 1457 1034 1522 magnum
1061 1434 1202 1523 Ia'poiao]
1238 1457 1297 1524 pro

70 1537 167 1602 valde
195 1561 349 1625 magnum
378 1562 456 1605 usus
482 1550 530 1603 est
559 1537 705 1602 Plautus‘
731 1549 854 1603 certum
877 1546 941 1620 est,
970 1540 1108 1602 insanum
1138 1560 1213 1603 cum
1234 1537 1297 1602 fide

70 1651 252 1708 servarunt.
299 1644 403 1705 imane
431 1650 539 1706 autem
573 1655 702 1727 praeter
729 1642 819 1704 Most·
842 1639 914 1705 761.
939 1641 1007 1707 Mil.
1029 1643 1106 1727 plor.
1129 1640 1172 1706 24
1197 1639 1297 1705 habes

74 1741 160 1811 Cure.
184 1742 254 1809 176.
298 1743 376 1808 loeis
402 1743 501 1829 igitur
523 1742 586 1807 illis
609 1744 706 1829 Epio.
727 1743 799 1810 620.
821 1744 891 1806 Mil.
913 1745 990 1828 plor.
1014 1743 1106 1808 1180.
1133 1744 1219 1812 Troo.
1234 1743 1296 1808 271

70 1846 127 1932 (cf.
144 1867 175 1932 p.
192 1844 235 1909 20
250 1845 336 1932 sqq.)
358 1868 444 1911 nunc
467 1845 592 1911 accedit
608 1857 752 1932 quartus,
777 1867 840 1933 quo
863 1846 1068 1911 manifestum
1090 1846 1127 1911 fit
1148 1844 1297 1911 omnibus

70 1949 166 2032 locis,
201 1947 318 2033 quibus
348 1947 567 2013 diversitatem
601 1950 779 2034 scripturae
807 1947 849 2011 ad
878 1970 1037 2014 summam
1071 1949 1295 2037 antiquitatem

70 2051 272 2116 referendam
295 2073 365 2116 esse
377 2051 663 2137 grammaticorum
681 2051 824 2116 eiusdem
838 2051 952 2116 aetatis
965 2051 1153 2117 testimoniis
1166 2053 1297 2130 scimus,

69 2153 294 2219 Palatinorum
326 2153 425 2218 fidem
459 2155 590 2241 egregie
623 2153 764 2242 probari,
797 2154 831 2218 in
853 2153 1072 2220 Ambrosiano
1105 2152 1296 2220 correctoris

70 2258 151 2321 satis
174 2256 261 2321 docti
282 2279 413 2323 manum
437 2257 589 2345 conspici.
624 2257 665 2321 ad
688 2256 802 2321 Militis
825 2268 933 2321 autem
955 2256 1088 2343 gloriosi
1111 2280 1240 2322 versum
1263 2266 1299 2322 ut

70 2359 218 2438 redeam,
246 2357 502 2425 Ambrosianum
529 2359 592 2425 alio
621 2381 749 2447 quoque
780 2360 851 2426 loco
879 2360 1082 2446 grammatici
1107 2359 1297 2426 correctoris

69 2483 204 2550 operam
235 2472 406 2549 expertum
437 2485 507 2527 esse
541 2463 704 2548 suspicor;
740 2463 796 2549 qui
825 2485 899 2528 oum
932 2463 1121 2530 exhibuisse
1149 2462 1299 2529 videatur

70 2564 157 2645 ‚Nisi
184 2587 283 2630 unum
312 2565 474 2653 epityrum
502 2576 590 2631 estur
616 2566 767 2631 insanum
797 2565 899 2644 bene‘,
927 2565 1130 2631 desideratur
1151 2565 1208 2643 illi,
1232 2587 1296 2652 quo

70 2690 182 2734 carere
204 2691 267 2734 non
290 2690 480 2755 possumus3
502 2690 642 2756 proquo
666 2689 740 2734 oum
763 2669 796 2732 in
813 2668 843 2732 P
858 2669 985 2755 legatur
1008 2671 1093 2756 apud
1114 2669 1211 2746 illum,
1233 2689 1299 2733 non

70 2773 231 2838 absonum
254 2782 302 2836 est
323 2783 438 2858 putare
472 2773 557 2858 opud
578 2771 666 2835 illum
692 2771 757 2834 iam
784 2770 953 2859 archetypi
982 2772 1138 2858 principis
1167 2793 1299 2839 versum

69 2874 238 2953 invasisse,
271 2875 358 2940 unde
393 2874 554 2962 expulerit
585 2882 723 2941 metrum
758 2874 987 2939 emendaturus
1022 2886 1181 2940 corrector
1214 2875 1297 2940 Am·

69 2976 214 3044 brosiani
237 2976 445 3063 comprobato
466 2976 500 3040 in
522 2975 769 3070 penthemimeri
791 2975 894 3043 hiatu.

584 3236 786 3248 ..nn-nnn·—

494 3439 640 3538 Oaput
666 3450 876 3538 quartum.

157 3676 425 3744 Desideraverint
457 3678 514 3761 qui
546 3677 641 3746 huius
678 3675 954 3744 commentationis
988 3674 1123 3742 lectores
1157 3678 1298 3743 existant

70 3781 243 3849 nonnullos
271 3779 372 3858 locos,
406 3780 524 3864 quibus
553 3779 595 3846 ab
623 3781 694 3845 aliis
722 3782 909 3845 retractatio
938 3780 1028 3844 facta
1056 3780 1121 3845 iam
1152 3780 1296 3846 indicata

71 3886 124 3951 sit.
170 3905 251 3970 quos
278 3904 318 3948 ne
344 3882 549 3970 neglegentia
579 3883 724 3950 omisisse
746 3880 859 3948 videar
871 3930 881 3961 ,
909 3904 1015 3947 meam
1039 3882 1084 3946 de
1100 3881 1152 3947 his
1173 3891 1298 3948 senten·
1341 3939 1346 3949 .

70 3989 151 4055 tiam
174 3996 334 4076 quatenus
356 3986 576 4053 necessarium
597 3985 762 4052 ridebitur
785 4006 947 4071 exponere
971 3985 1005 4048 in
1026 3985 1134 4050 animo
1157 3994 1216 4051 est.

120 4092 201 4159 Tria
224 4088 286 4154 207
331 4087 445 4154 Sciunt
469 4088 502 4152 id
525 4089 612 4176 quod
635 4088 670 4153 in
692 4111 803 4155 aurem
824 4110 884 4154 rex
907 4089 1038 4176 reginae
1061 4086 1189 4166 dixerit,

267 4191 310 4256 P:
335 4190 450 4256 Sciunt
471 4191 559 4275 quod
580 4192 664 4258 Iuno
684 4191 861 4257 fabulatast
883 4212 957 4256 oum
979 4189 1059 4256 Iove

268 4297 314 4361 A:
337 4295 422 4362 Item
445 4296 551 4360 sciunt
572 4296 607 4360 id
630 4297 717 4381 quod
740 4296 824 4362 Iuno
847 4317 874 4365 e.
890 4318 923 4381 q.
940 4318 966 4359 s.

70 4400 286 4485 Niemeyerus
309 4421 341 4485 p.
365 4399 406 4464 22
438 4398 499 4464 sibi
523 4399 692 4487 probatam
721 4422 792 4466 osse
821 4399 901 4465 dicit
922 4397 1064 4468 Vahleni
1091 4396 1293 4480 sententiam,

72 4506 130 4590 qui
154 4507 186 4569 in
210 4504 326 4569 sobolis
356 4508 452 4568 sciant
480 4524 614 4568 eversu
637 4503 700 4568 208
729 4500 935 4569 eximendum
965 4510 1061 4568 etex
1087 4496 1298 4584 Ambrosiani
