3120 5138
836 309 856 373 6

742 400 941 408 ——-—-..

233 510 367 576 verbum
391 511 432 576 de
457 511 604 576 codicum
635 511 841 590 condicione3
868 513 953 577 unde
984 510 1176 576 concluseris
1209 508 1390 596 Bergkium
1414 509 1453 573 de

231 613 293 678 hac
319 635 354 678 rc
384 619 464 677 tum'
479 613 608 700 quidem
637 613 789 699 temporis
816 626 872 679 aut
900 615 941 679 ad
970 626 1092 680 certum
1122 612 1277 678 iudicium
1309 611 1454 678 nondum

231 715 417 800 pervenisse
434 725 490 779 aut
502 715 675 780 Ritschelii
687 718 878 781 sententiam
891 717 1053 804 probasse.
1071 716 1127 781 sed
1139 717 1173 780 in
1185 715 1454 803 commentatione

233 819 271 882 de
298 818 407 881 Plauti
438 817 611 880 Trinummo
644 818 731 904 (Iud.
765 819 839 884 lect.
868 819 973 886 Marb.
992 818 1214 885 1849—1850
1234 850 1279 909 τι·
1303 819 1455 906 oppul

233 917 386 1005 53-70),
409 942 482 983 cum
501 919 533 983 in
550 919 748 1006 singulorum
766 922 908 986 locorum
928 923 1130 988 enarratione
1146 932 1337 1000 versaretur,
1361 944 1455 1010 quae-

236 1023 310 1086 dam
325 1022 513 1109 disputavit,
538 1044 620 1109 quae
634 1023 697 1087 huc
714 1025 883 1109 pertinent.
917 1023 1072 1088 indicavit
1093 1025 1178 1090 enim
1194 1025 1456 1090 retractationem

236 1125 330 1189 metri
352 1125 458 1210 gratia
479 1125 514 1188 in
536 1123 565 1188 P
587 1109 770 1210 susceptam
797 1127 878 1190 Tria
900 1150 931 1191 v.
948 1126 1011 1192 200

274 1227 318 1294 P:
348 1227 465 1315 Neque
487 1227 761 1314 mendaciloquius
784 1252 889 1317 neque
910 1243 1061 1317 argutum
1084 1229 1188 1316 magis

275 1331 323 1395 A:
346 1330 462 1418 Neque
490 1329 767 1413 mendaciloquius
789 1353 893 1418 neque
916 1333 996 1396 adeo
1020 1343 1172 1418 argutum
1197 1335 1300 1419 magis

233 1434 290 1501 ubi
320 1447 491 1522 postquam
520 1435 777 1520 meartocibquom
804 1433 837 1497 in
865 1437 1121 1520 mendaciloquius
1148 1446 1334 1520 corruptum
1362 1450 1457 1515 esset,

235 1537 383 1601 voculam
401 1539 477 1601 acteo
492 1537 523 1600 in
550 1538 573 1601 P
590 1536 668 1602 dicit
690 1535 742 1614 ‚ab
765 1536 803 1600 iis
825 1536 961 1600 eiectam
976 1557 1056 1614 esse,
1079 1535 1135 1623 qui
1156 1558 1286 1602 versum
1303 1537 1458 1602 vitiosum

226 1639 342 1727 ‘aliquo
360 1638 456 1704 modo
472 1638 633 1724 corrigere
649 1623 830 1704 studebant’
843 1639 877 1723 (l.
896 1663 919 1702 c.
936 1661 967 1723 p.
982 1637 1070 1705 VIII
1082 1668 1126 1696 =
1141 1637 1197 1724 Op.
1210 1641 1265 1725 pt.
1280 1640 1300 1704 I
1318 1640 1357 1705 61
1376 1642 1460 1728 sq.);

235 1764 340 1830 neque
364 1742 456 1806 aliter
477 1741 601 1807 iudicat
623 1740 662 1805 de
688 1764 718 1803 v.
742 1740 804 1804 212
830 1728 919 1826 (ibici.
944 1764 975 1826 p.
990 1740 1029 1804 X
1042 1739 1083 1797 ε’·-
1099 1741 1155 1828 Op.
1171 1743 1227 1828 pb.
1251 1740 1339 1829 163)
1360 1743 1459 1808 simul

237 1846 349 1933 quanti
382 1844 632 1909 Ambrosianum
666 1843 765 1907 faciat
795 1842 1027 1907 demonstrans.
1085 1843 1193 1932 itaque
1225 1845 1279 1909 illc
1312 1857 1458 1931 tempore

236 1947 407 2014 Plautinas
441 1946 623 2011 comoedias
656 1946 874 2010 recensionem
908 1956 1058 2030 expertas
1086 1968 1154 2011 esse
1178 1947 1277 2025 vidit3
1312 1971 1349 2013 ea
1380 1970 1459 2014 vero

238 2051 343 2138 qualis
364 2050 462 2122 fuerit
487 2064 518 2114 et
545 2073 640 2136 quam
663 2049 727 2114 late
742 2055 866 2133 pateat,
895 2069 957 2113 non
986 2047 1113 2113 videtur
1135 2049 1212 2114 satis
1240 2052 1457 2137 perspexisse,

237 2154 388 2242 quoniam
411 2152 479 2217 sine
498 2153 563 2217 ulla
582 2151 780 2216 dubitatione
796 2149 1014 2237 discrepantia
1033 2152 1256 2218 recensionum
1274 2155 1460 2220 testimonia

236 2257 269 2320 in
304 2246 449 2321 versibus
484 2253 715 2320 constituendis
748 2253 958 2339 permiscuit,
992 2253 1079 2318 velut
1110 2254 1144 2317 in
1179 2254 1275 2319 Stichi
1310 2255 1456 2321 versibus

236 2356 348 2444 primis
366 2356 598 2423 constituendis
616 2357 685 2441 ipse
703 2356 781 2421 dicit
796 2378 829 2447 se
851 2356 884 2420 in
904 2355 1049 2420 versibus
1066 2356 1278 2422 discribendis
1294 2359 1457 2438 Veterem,

236 2461 269 2525 in
293 2459 400 2525 verbis
423 2472 529 2525 autem
552 2459 744 2544 recipiendis
767 2457 1017 2523 Ambrosianum
1040 2459 1184 2524 codicem
1207 2474 1352 2526 secutum
1377 2484 1456 2538 esse,

237 2585 433 2650 quamquam
455 2562 488 2625 in
513 2584 607 2626 versu
624 2574 738 2649 quarto
761 2561 929 2625 diversitas
943 2562 1165 2627 recensionum
1189 2585 1261 2627 eum
1280 2565 1457 2649 confugit:

279 2666 328 2729 A:
352 2665 534 2731 absentium
557 2664 601 2728 ita
624 2678 659 2729 ut
680 2677 848 2751 aequomst

280 2767 325 2832 P:
348 2765 516 2832 absentum
540 2778 576 2831 ut
598 2780 646 2832 est
668 2789 804 2855 aequom

238 2871 344 2956 (Dior.
380 2883 441 2933 ortt.
479 2869 567 2935 VIII
601 2893 631 2955 p.
655 2869 718 2935 339
738 2902 781 2927 ·--·
803 2870 859 2956 Op.
883 2871 938 2956 pt.
962 2869 981 2934 I
1007 2893 1038 2955 p.
1062 2869 1129 2957 43).
1165 2871 1262 2935 etiarn
1296 2872 1458 2937 canticum

238 2971 419 3037 Trinummi
443 2972 592 3058 primum,
616 2995 812 3059 quamquam
831 2972 863 3036 it
881 2973 1044 3038 nonnullis
1066 2996 1086 3037 a
1102 2972 1283 3038 Ritschelio
1300 2974 1459 3052 dissentit,

238 3075 269 3137 in
288 3074 474 3139 universum
494 3074 756 3149 (admiratione,
781 3098 845 3161 qua
860 3075 915 3139 ille
936 3074 1091 3162 inpriore
1115 3074 1266 3153 editione,
1284 3076 1474 3162 constituit,

239 3176 350 3242 mixtis
379 3177 527 3242 videlicet
549 3176 757 3242 Anrbrosiani
786 3189 819 3241 et
840 3177 1064 3242 Palatinorum
1100 3177 1267 3263 scripturis
1291 3180 1459 3264 (comment.

239 3282 278 3343 dc
299 3281 348 3344 PL
378 3281 458 3344 lton
481 3279 570 3344 III-
585 3279 653 3346 VH
668 3310 711 3338 =
731 3280 786 3366 Op.
806 3281 859 3366 plu
881 3280 900 3344 I
923 3279 1075 3366 54-60).

324 3382 388 3448 Sed
423 3382 520 3467 paulo
548 3397 739 3469 postquam
762 3381 959 3447 Ritsohelius
992 3382 1026 3446 in
1058 3383 1260 3448 Fleckeiseni
1299 3386 1461 3449 ortantibus

240 3482 355 3570 (1868)
377 3483 417 3548 de
441 3485 627 3548 condicione
651 3484 872 3548 recensionum
899 3482 1071 3564 iudicium,
1096 3486 1182 3574 quod
1205 3510 1304 3572 supra
1325 3509 1460 3553 comme-

239 3585 364 3650 moravi
387 3587 533 3673 protulit,
563 3586 726 3674 Bergkius
754 3609 882 3674 quoque
903 3586 935 3650 in
959 3588 1114 3672 symbolis
1144 3589 1185 3653 ad
1214 3590 1460 3676 grammaticam

240 3687 376 3753 latinam
400 3688 533 3774 abipso
556 3712 584 3753 a.
611 3690 809 3755 remedius
832 3689 967 3756 similem
996 3692 1188 3756 sententiam
1215 3693 1379 3777 professus
1402 3706 1460 3772 est,

240 3791 336 3855 simul
358 3790 398 3855 de
420 3791 554 3857 historia
576 3793 688 3858 critica
716 3791 899 3858 fabularum
922 3790 1147 3858 Plautinarum
1171 3793 1341 3859 disserens.
1377 3817 1460 3882 quae

240 3891 283 3958 ibi
308 3894 497 3979 disputavit,
531 3918 572 3961 ex
606 3895 645 3959 iis
678 3895 720 3960 ad
754 3906 895 3961 nostram
918 3897 1138 3982 quaestionem
1172 3896 1232 3961 hoc
1254 3897 1459 3981 potissimum

239 3995 382 4080 respicit,
419 3997 505 4084 quod
544 3997 705 4082 Bergkius
742 3998 866 4082 primus
903 3997 967 4062 duo
1003 3998 1059 4062 illa
1097 3998 1291 4063 recensionis
1330 4021 1459 4085 genera,

240 4121 377 4186 quorum
400 4099 557 4164 rationem
579 4098 670 4163 initio
694 4099 788 4164 huius
812 4100 1046 4167 dissertationis
1069 4101 1271 4179 adumbravi,
1294 4101 1328 4164 in
1350 4101 1459 4168 Plauti

240 4201 424 4278 comoediis,
448 4203 559 4288 quales
580 4223 665 4266 nuno
686 4201 846 4289 leguntur,
871 4203 986 4291 dispici
1002 4203 1093 4281 (lixit,
1117 4204 1250 4269 alteram
1267 4203 1458 4282 scaenicam,

239 4305 485 4390 grammaticam
513 4305 663 4383 alteram,
697 4306 788 4370 cuius
821 4305 953 4390 quidem
979 4305 1107 4372 diversa
1140 4306 1336 4395 exemplaria
1369 4306 1460 4373 nobis

240 4420 368 4491 praesto
406 4429 476 4472 esse
516 4407 669 4493 cognovit
704 4407 738 4471 in
778 4407 888 4472 codice
911 4409 1137 4475 ¹Ambrosiano
1170 4421 1203 4474 et
1229 4409 1264 4475 in
1291 4409 1458 4474 Palatinis.

241 4521 378 4600 quarum
412 4510 633 4578 recensionum
668 4510 752 4578 hanc
786 4532 856 4578 esse
885 4511 1123 4592 condicionem,
1156 4522 1192 4577 ut
1219 4511 1359 4578 Palatini
1386 4533 1460 4580 cum
