<?xml version="1.0" encoding="UTF-8"?>
<!DOCTYPE html PUBLIC "-//W3C//DTD XHTML 1.0 Transitional//EN"
    "http://www.w3.org/TR/xhtml1/DTD/xhtml1-transitional.dtd">
<html xmlns="http://www.w3.org/1999/xhtml" xml:lang="en" lang="en">
 <head>
  <title>
</title>
<meta http-equiv="Content-Type" content="text/html;charset=utf-8" />
  <meta name='ocr-system' content='tesseract 3.04.00' />
  <meta name='ocr-capabilities' content='ocr_page ocr_carea ocr_par ocr_line ocrx_word'/>
</head>
<body>
  <div class='ocr_page' id='page_1' title='image "./deplautifabular00baiegoog_0113.png"; bbox 0 0 3120 5138; ppageno 0'>
   <div class='ocr_carea' id='block_1_1' title="bbox 686 315 884 416">
    <p class='ocr_par' dir='ltr' id='par_1_1' title="bbox 686 315 884 416">
     <span class='ocr_line' id='line_1_1' title="bbox 686 315 884 416; baseline -0.01 0"><span class='ocrx_word' id='word_1_1' title='bbox 686 315 884 416; x_wconf 48' lang='grc' dir='ltr'><strong>ΑΨ---</strong></span> 
     </span>
    </p>
   </div>
   <div class='ocr_carea' id='block_1_2' title="bbox 164 518 1396 3251">
    <p class='ocr_par' dir='ltr' id='par_1_2' title="bbox 256 518 1065 600">
     <span class='ocr_line' id='line_1_2' title="bbox 256 518 1065 600; baseline 0.002 -18"><span class='ocrx_word' id='word_1_2' title='bbox 256 520 368 585; x_wconf 79' lang='lat' dir='ltr'><strong>Paeud.</strong></span> <span class='ocrx_word' id='word_1_3' title='bbox 391 520 454 587; x_wconf 90' lang='grc'><strong>220</strong></span> <span class='ocrx_word' id='word_1_4' title='bbox 474 522 700 585; x_wconf 81' lang='lat' dir='ltr'><strong>nitidiuseulum</strong></span> <span class='ocrx_word' id='word_1_5' title='bbox 722 521 1006 600; x_wconf 77' lang='lat' dir='ltr'><strong>A,&#39;nitidissimum</strong></span> <span class='ocrx_word' id='word_1_6' title='bbox 1028 518 1065 584; x_wconf 91' lang='lat' dir='ltr'><strong>P.</strong></span> 
     </span>
    </p>

    <p class='ocr_par' dir='ltr' id='par_1_3' title="bbox 266 619 1393 703">
     <span class='ocr_line' id='line_1_3' title="bbox 266 619 1393 703; baseline 0 -18"><span class='ocrx_word' id='word_1_7' title='bbox 266 622 349 685; x_wconf 80' lang='lat' dir='ltr'><strong>Trio.</strong></span> <span class='ocrx_word' id='word_1_8' title='bbox 366 622 431 688; x_wconf 89' lang='grc'><strong>400</strong></span> <span class='ocrx_word' id='word_1_9' title='bbox 453 626 642 687; x_wconf 82' lang='lat' dir='ltr'><strong>commodum</strong></span> <span class='ocrx_word' id='word_1_10' title='bbox 665 627 725 688; x_wconf 74' lang='lat' dir='ltr'><strong>enit</strong></span> <span class='ocrx_word' id='word_1_11' title='bbox 739 624 783 702; x_wconf 89' lang='lat' dir='ltr'><strong>A,</strong></span> <span class='ocrx_word' id='word_1_12' title='bbox 800 622 995 688; x_wconf 82' lang='lat' dir='ltr'><strong>emumodeP</strong></span> <span class='ocrx_word' id='word_1_13' title='bbox 1018 644 1059 686; x_wconf 79' lang='lat' dir='ltr'><strong>ex</strong></span> <span class='ocrx_word' id='word_1_14' title='bbox 1080 619 1207 685; x_wconf 88' lang='lat' dir='ltr'><strong>novicia</strong></span> <span class='ocrx_word' id='word_1_15' title='bbox 1223 621 1393 703; x_wconf 82' lang='lat' dir='ltr'><strong>scriptura</strong></span> 
     </span>
    </p>

    <p class='ocr_par' dir='ltr' id='par_1_4' title="bbox 164 723 1396 915">
     <span class='ocr_line' id='line_1_4' title="bbox 256 723 1396 813; baseline -0.001 -26"><span class='ocrx_word' id='word_1_16' title='bbox 256 724 368 792; x_wconf 71' lang='lat' dir='ltr'><strong>Pseud.</strong></span> <span class='ocrx_word' id='word_1_17' title='bbox 393 726 457 791; x_wconf 84' lang='lat'><strong>276</strong></span> <span class='ocrx_word' id='word_1_18' title='bbox 475 728 697 813; x_wconf 73' lang='lat' dir='ltr'><em>propemodum</em></span> <span class='ocrx_word' id='word_1_19' title='bbox 718 727 761 804; x_wconf 90' lang='lat' dir='ltr'><strong>A,</strong></span> <span class='ocrx_word' id='word_1_20' title='bbox 780 727 966 812; x_wconf 79' lang='lat' dir='ltr'><strong>propeotodo</strong></span> <span class='ocrx_word' id='word_1_21' title='bbox 993 725 1025 801; x_wconf 90' lang='lat' dir='ltr'><strong>P,</strong></span> <span class='ocrx_word' id='word_1_22' title='bbox 1048 735 1085 788; x_wconf 92' lang='lat' dir='ltr'><strong>ut</strong></span> <span class='ocrx_word' id='word_1_23' title='bbox 1112 723 1192 788; x_wconf 80' lang='lat' dir='ltr'><strong>Trio.</strong></span> <span class='ocrx_word' id='word_1_24' title='bbox 1208 724 1281 791; x_wconf 83' lang='lat'><strong>780.</strong></span> <span class='ocrx_word' id='word_1_25' title='bbox 1305 731 1396 786; x_wconf 82' lang='lat' dir='ltr'><strong>extat</strong></span> 
     </span>
     <span class='ocr_line' id='line_1_5' title="bbox 164 825 963 915; baseline 0.006 -28"><span class='ocrx_word' id='word_1_26' title='bbox 164 835 279 888; x_wconf 89' lang='lat' dir='ltr'><strong>autem</strong></span> <span class='ocrx_word' id='word_1_27' title='bbox 301 825 334 889; x_wconf 92' lang='lat' dir='ltr'><strong>in</strong></span> <span class='ocrx_word' id='word_1_28' title='bbox 357 826 408 891; x_wconf 93' lang='lat' dir='ltr'><strong>his</strong></span> <span class='ocrx_word' id='word_1_29' title='bbox 430 850 558 912; x_wconf 91' lang='lat' dir='ltr'><strong>quoque</strong></span> <span class='ocrx_word' id='word_1_30' title='bbox 576 831 798 915; x_wconf 77' lang='lat' dir='ltr'><strong><em>propemodum</em></strong></span> <span class='ocrx_word' id='word_1_31' title='bbox 822 828 963 892; x_wconf 84' lang='lat' dir='ltr'>noviens.</span> 
     </span>
    </p>

    <p class='ocr_par' dir='ltr' id='par_1_5' title="bbox 261 928 887 1018">
     <span class='ocr_line' id='line_1_6' title="bbox 261 928 887 1018; baseline 0.011 -27"><span class='ocrx_word' id='word_1_32' title='bbox 261 928 346 992; x_wconf 78' lang='lat' dir='ltr'><strong>Teuc.</strong></span> <span class='ocrx_word' id='word_1_33' title='bbox 370 930 433 995; x_wconf 82' lang='grc'><strong>256</strong></span> <span class='ocrx_word' id='word_1_34' title='bbox 453 944 609 1017; x_wconf 68' lang='lat' dir='ltr'><strong>propterve</strong></span> <span class='ocrx_word' id='word_1_35' title='bbox 629 928 673 1008; x_wconf 89' lang='lat' dir='ltr'><strong>A,</strong></span> <span class='ocrx_word' id='word_1_36' title='bbox 690 944 828 1018; x_wconf 75' lang='lat' dir='ltr'><strong>proterve</strong></span> <span class='ocrx_word' id='word_1_37' title='bbox 849 931 887 998; x_wconf 92' lang='lat' dir='ltr'><strong>P.</strong></span> 
     </span>
    </p>

    <p class='ocr_par' dir='ltr' id='par_1_6' title="bbox 165 1026 1395 2962">
     <span class='ocr_line' id='line_1_7' title="bbox 257 1026 1391 1120; baseline 0.001 -28"><span class='ocrx_word' id='word_1_38' title='bbox 257 1026 299 1092; x_wconf 92' lang='lat' dir='ltr'><strong>In</strong></span> <span class='ocrx_word' id='word_1_39' title='bbox 321 1052 359 1093; x_wconf 90' lang='lat' dir='ltr'><strong>eo</strong></span> <span class='ocrx_word' id='word_1_40' title='bbox 381 1041 467 1094; x_wconf 87' lang='lat' dir='ltr'><strong>certe</strong></span> <span class='ocrx_word' id='word_1_41' title='bbox 489 1031 519 1094; x_wconf 88' lang='lat' dir='ltr'><strong>A</strong></span> <span class='ocrx_word' id='word_1_42' title='bbox 543 1030 700 1097; x_wconf 80' lang='lat' dir='ltr'>Palatinis</span> <span class='ocrx_word' id='word_1_43' title='bbox 723 1034 818 1120; x_wconf 85' lang='lat' dir='ltr'><strong>longe</strong></span> <span class='ocrx_word' id='word_1_44' title='bbox 840 1044 999 1119; x_wconf 87' lang='lat' dir='ltr'><strong>praestat,</strong></span> <span class='ocrx_word' id='word_1_45' title='bbox 1028 1031 1115 1119; x_wconf 91' lang='lat' dir='ltr'><strong>quod</strong></span> <span class='ocrx_word' id='word_1_46' title='bbox 1138 1030 1238 1095; x_wconf 90' lang='lat' dir='ltr'><strong>multo</strong></span> <span class='ocrx_word' id='word_1_47' title='bbox 1261 1029 1391 1115; x_wconf 88' lang='lat' dir='ltr'><strong>saepius</strong></span> 
     </span>
     <span class='ocr_line' id='line_1_8' title="bbox 167 1131 1393 1218; baseline 0.002 -25"><span class='ocrx_word' id='word_1_48' title='bbox 167 1152 230 1213; x_wconf 92' lang='lat' dir='ltr'><strong>pro</strong></span> <span class='ocrx_word' id='word_1_49' title='bbox 252 1133 265 1193; x_wconf 83' lang='lat' dir='ltr'><strong>i</strong></span> <span class='ocrx_word' id='word_1_50' title='bbox 285 1131 383 1218; x_wconf 85' lang='lat' dir='ltr'><strong>longa</strong></span> <span class='ocrx_word' id='word_1_51' title='bbox 399 1131 637 1218; x_wconf 73' lang='lat' dir='ltr'><strong>diphthongum</strong></span> <span class='ocrx_word' id='word_1_52' title='bbox 660 1136 856 1200; x_wconf 81' lang='lat' dir='ltr'><strong>eiservavit.</strong></span> <span class='ocrx_word' id='word_1_53' title='bbox 900 1135 934 1199; x_wconf 90' lang='lat' dir='ltr'><strong>in</strong></span> <span class='ocrx_word' id='word_1_54' title='bbox 956 1157 1020 1218; x_wconf 92' lang='lat' dir='ltr'><strong>quo</strong></span> <span class='ocrx_word' id='word_1_55' title='bbox 1037 1133 1117 1198; x_wconf 93' lang='lat' dir='ltr'><strong>illud</strong></span> <span class='ocrx_word' id='word_1_56' title='bbox 1140 1155 1236 1217; x_wconf 87' lang='lat' dir='ltr'><strong>quam</strong></span> <span class='ocrx_word' id='word_1_57' title='bbox 1252 1133 1393 1196; x_wconf 80' lang='lat' dir='ltr'><strong>maxima</strong></span> 
     </span>
     <span class='ocr_line' id='line_1_9' title="bbox 167 1233 1394 1320; baseline 0.002 -25"><span class='ocrx_word' id='word_1_58' title='bbox 167 1233 380 1298; x_wconf 78' lang='lat' dir='ltr'><strong>memorabile</strong></span> <span class='ocrx_word' id='word_1_59' title='bbox 407 1245 470 1312; x_wconf 91' lang='lat' dir='ltr'><strong>est,</strong></span> <span class='ocrx_word' id='word_1_60' title='bbox 505 1237 592 1320; x_wconf 93' lang='lat' dir='ltr'><strong>quod</strong></span> <span class='ocrx_word' id='word_1_61' title='bbox 615 1237 647 1299; x_wconf 89' lang='lat' dir='ltr'><strong>in</strong></span> <span class='ocrx_word' id='word_1_62' title='bbox 676 1237 746 1301; x_wconf 86' lang='lat' dir='ltr'><strong>aliis</strong></span> <span class='ocrx_word' id='word_1_63' title='bbox 773 1238 949 1302; x_wconf 87' lang='lat' dir='ltr'><strong>comoediis</strong></span> <span class='ocrx_word' id='word_1_64' title='bbox 978 1236 1052 1301; x_wconf 90' lang='lat' dir='ltr'><strong>illae</strong></span> <span class='ocrx_word' id='word_1_65' title='bbox 1081 1237 1202 1301; x_wconf 89' lang='lat' dir='ltr'><strong>formae</strong></span> <span class='ocrx_word' id='word_1_66' title='bbox 1228 1236 1298 1300; x_wconf 75' lang='lat' dir='ltr'><strong>lere</strong></span> <span class='ocrx_word' id='word_1_67' title='bbox 1321 1257 1394 1299; x_wconf 91' lang='lat' dir='ltr'><strong>con·</strong></span> 
     </span>
     <span class='ocr_line' id='line_1_10' title="bbox 171 1336 1395 1425; baseline 0.002 -28"><span class='ocrx_word' id='word_1_68' title='bbox 171 1345 312 1413; x_wconf 88' lang='lat' dir='ltr'><strong>stanter,</strong></span> <span class='ocrx_word' id='word_1_69' title='bbox 345 1336 377 1400; x_wconf 93' lang='lat' dir='ltr'><strong>in</strong></span> <span class='ocrx_word' id='word_1_70' title='bbox 413 1337 484 1402; x_wconf 90' lang='lat' dir='ltr'><strong>aliis</strong></span> <span class='ocrx_word' id='word_1_71' title='bbox 514 1361 673 1425; x_wconf 83' lang='lat' dir='ltr'><strong>nusquam</strong></span> <span class='ocrx_word' id='word_1_72' title='bbox 704 1340 919 1405; x_wconf 89' lang='lat' dir='ltr'><strong>inveniuntur.</strong></span> <span class='ocrx_word' id='word_1_73' title='bbox 969 1363 1042 1404; x_wconf 90' lang='lat' dir='ltr'><strong>nam</strong></span> <span class='ocrx_word' id='word_1_74' title='bbox 1072 1339 1211 1424; x_wconf 90' lang='lat' dir='ltr'><strong>plurima</strong></span> <span class='ocrx_word' id='word_1_75' title='bbox 1245 1337 1395 1424; x_wconf 84' lang='lat' dir='ltr'><strong>exempla</strong></span> 
     </span>
     <span class='ocr_line' id='line_1_11' title="bbox 167 1425 1392 1526; baseline 0.001 -24"><span class='ocrx_word' id='word_1_76' title='bbox 167 1438 313 1504; x_wconf 87' lang='lat' dir='ltr'><strong>continet</strong></span> <span class='ocrx_word' id='word_1_77' title='bbox 333 1439 506 1518; x_wconf 78' lang='lat' dir='ltr'><strong>Mercator,</strong></span> <span class='ocrx_word' id='word_1_78' title='bbox 535 1440 654 1506; x_wconf 88' lang='lat' dir='ltr'><strong>deinde</strong></span> <span class='ocrx_word' id='word_1_79' title='bbox 681 1453 859 1526; x_wconf 86' lang='lat' dir='ltr'><strong>sequuntur</strong></span> <span class='ocrx_word' id='word_1_80' title='bbox 884 1425 1171 1507; x_wconf 33' lang='lat' dir='ltr'><strong>Persa&#39;Poenulus</strong></span> <span class='ocrx_word' id='word_1_81' title='bbox 1188 1440 1392 1505; x_wconf 82' lang='lat' dir='ltr'><strong>Menaechmi</strong></span> 
     </span>
     <span class='ocr_line' id='line_1_12' title="bbox 171 1539 1392 1628; baseline 0.002 -25"><span class='ocrx_word' id='word_1_82' title='bbox 171 1539 330 1627; x_wconf 79' lang='lat' dir='ltr'><strong>Epidicus</strong></span> <span class='ocrx_word' id='word_1_83' title='bbox 358 1541 499 1620; x_wconf 83' lang='lat' dir='ltr'><strong>Stichus,</strong></span> <span class='ocrx_word' id='word_1_84' title='bbox 529 1565 602 1607; x_wconf 88' lang='lat' dir='ltr'><strong>eum</strong></span> <span class='ocrx_word' id='word_1_85' title='bbox 625 1544 660 1608; x_wconf 92' lang='lat' dir='ltr'><strong>in</strong></span> <span class='ocrx_word' id='word_1_86' title='bbox 682 1544 796 1609; x_wconf 86' lang='lat' dir='ltr'><strong>ceteris</strong></span> <span class='ocrx_word' id='word_1_87' title='bbox 824 1556 879 1609; x_wconf 84' lang='lat' dir='ltr'><strong>aut</strong></span> <span class='ocrx_word' id='word_1_88' title='bbox 902 1566 975 1608; x_wconf 85' lang='lat' dir='ltr'><strong>raro</strong></span> <span class='ocrx_word' id='word_1_89' title='bbox 998 1554 1054 1608; x_wconf 86' lang='lat' dir='ltr'><strong>aut</strong></span> <span class='ocrx_word' id='word_1_90' title='bbox 1084 1566 1244 1628; x_wconf 91' lang='lat' dir='ltr'><strong>nusquam</strong></span> <span class='ocrx_word' id='word_1_91' title='bbox 1267 1552 1392 1620; x_wconf 83' lang='lat' dir='ltr'><strong>extent3</strong></span> 
     </span>
     <span class='ocr_line' id='line_1_13' title="bbox 171 1641 1393 1729; baseline 0.002 -22"><span class='ocrx_word' id='word_1_92' title='bbox 171 1641 317 1707; x_wconf 90' lang='lat' dir='ltr'><strong>velutin</strong></span> <span class='ocrx_word' id='word_1_93' title='bbox 340 1643 506 1710; x_wconf 80' lang='lat' dir='ltr'><strong>Pseudulo</strong></span> <span class='ocrx_word' id='word_1_94' title='bbox 529 1668 593 1710; x_wconf 89' lang='lat' dir='ltr'><strong>non</strong></span> <span class='ocrx_word' id='word_1_95' title='bbox 616 1648 678 1711; x_wconf 89' lang='lat' dir='ltr'><strong>nisi</strong></span> <span class='ocrx_word' id='word_1_96' title='bbox 699 1647 732 1710; x_wconf 92' lang='lat' dir='ltr'><strong>in</strong></span> <span class='ocrx_word' id='word_1_97' title='bbox 754 1646 818 1710; x_wconf 89' lang='lat' dir='ltr'><strong>fine</strong></span> <span class='ocrx_word' id='word_1_98' title='bbox 841 1645 915 1711; x_wconf 90' lang='lat' dir='ltr'><strong>inde</strong></span> <span class='ocrx_word' id='word_1_99' title='bbox 939 1670 957 1710; x_wconf 86' lang='lat' dir='ltr'><strong>a</strong></span> <span class='ocrx_word' id='word_1_100' title='bbox 981 1669 1011 1710; x_wconf 90' lang='lat' dir='ltr'><strong>v.</strong></span> <span class='ocrx_word' id='word_1_101' title='bbox 1036 1646 1118 1711; x_wconf 79' lang='grc'><strong>1179</strong></span> <span class='ocrx_word' id='word_1_102' title='bbox 1147 1644 1233 1710; x_wconf 89' lang='lat' dir='ltr'><strong>etin</strong></span> <span class='ocrx_word' id='word_1_103' title='bbox 1256 1655 1393 1729; x_wconf 88' lang='lat' dir='ltr'><strong>utraque</strong></span> 
     </span>
     <span class='ocr_line' id='line_1_14' title="bbox 167 1747 1393 1838; baseline -0.002 -26"><span class='ocrx_word' id='word_1_104' title='bbox 167 1747 304 1834; x_wconf 84' lang='lat' dir='ltr'><strong>quidem</strong></span> <span class='ocrx_word' id='word_1_105' title='bbox 321 1750 507 1815; x_wconf 77' lang='lat' dir='ltr'><strong>recensione</strong></span> <span class='ocrx_word' id='word_1_106' title='bbox 522 1762 689 1838; x_wconf 78' lang='lat' dir='ltr'><em>apparent.</em></span> <span class='ocrx_word' id='word_1_107' title='bbox 727 1751 759 1815; x_wconf 93' lang='lat' dir='ltr'><strong>in</strong></span> <span class='ocrx_word' id='word_1_108' title='bbox 777 1751 806 1816; x_wconf 89' lang='grc' dir='ltr'>Ρ</span> <span class='ocrx_word' id='word_1_109' title='bbox 827 1774 892 1815; x_wconf 93' lang='lat' dir='ltr'><strong>non</strong></span> <span class='ocrx_word' id='word_1_110' title='bbox 914 1751 977 1815; x_wconf 88' lang='lat' dir='ltr'><strong>nisi</strong></span> <span class='ocrx_word' id='word_1_111' title='bbox 994 1749 1132 1836; x_wconf 77' lang='lat' dir='ltr'><strong>sparsim</strong></span> <span class='ocrx_word' id='word_1_112' title='bbox 1149 1750 1184 1813; x_wconf 91' lang='lat' dir='ltr'><strong>in</strong></span> <span class='ocrx_word' id='word_1_113' title='bbox 1200 1747 1393 1836; x_wconf 86' lang='lat' dir='ltr'><strong>quibusdam</strong></span> 
     </span>
     <span class='ocr_line' id='line_1_15' title="bbox 167 1851 1391 1942; baseline 0 -29"><span class='ocrx_word' id='word_1_114' title='bbox 167 1851 345 1916; x_wconf 90' lang='lat' dir='ltr'><strong>comoediis</strong></span> <span class='ocrx_word' id='word_1_115' title='bbox 357 1852 568 1919; x_wconf 79' lang='lat' dir='ltr'><strong>inveniuntur</strong></span> <span class='ocrx_word' id='word_1_116' title='bbox 579 1876 739 1942; x_wconf 87' lang='lat' dir='ltr'><strong>saepeque</strong></span> <span class='ocrx_word' id='word_1_117' title='bbox 751 1877 791 1918; x_wconf 89' lang='lat' dir='ltr'><strong>ex</strong></span> <span class='ocrx_word' id='word_1_118' title='bbox 804 1853 993 1939; x_wconf 81' lang='lat' dir='ltr'><strong>corruptelis</strong></span> <span class='ocrx_word' id='word_1_119' title='bbox 1007 1853 1136 1923; x_wconf 87' lang='lat' dir='ltr'><strong>demum</strong></span> <span class='ocrx_word' id='word_1_120' title='bbox 1149 1862 1391 1937; x_wconf 57' lang='lat' dir='ltr'><strong>recuperantur,</strong></span> 
     </span>
     <span class='ocr_line' id='line_1_16' title="bbox 168 1952 1393 2041; baseline 0.001 -27"><span class='ocrx_word' id='word_1_121' title='bbox 168 1962 205 2014; x_wconf 89' lang='lat' dir='ltr'><strong>ut</strong></span> <span class='ocrx_word' id='word_1_122' title='bbox 223 1952 374 2037; x_wconf 88' lang='lat' dir='ltr'><strong>exempla</strong></span> <span class='ocrx_word' id='word_1_123' title='bbox 389 1976 520 2039; x_wconf 87' lang='lat' dir='ltr'><strong>ponam,</strong></span> <span class='ocrx_word' id='word_1_124' title='bbox 537 1953 688 2019; x_wconf 79' lang='lat' dir='ltr'><strong>Loewius</strong></span> <span class='ocrx_word' id='word_1_125' title='bbox 710 1955 817 2041; x_wconf 69' lang='lat' dir='ltr'><strong>(Anat</strong></span> <span class='ocrx_word' id='word_1_126' title='bbox 830 1956 934 2021; x_wconf 75' lang='lat' dir='ltr'><strong>Plorat.</strong></span> <span class='ocrx_word' id='word_1_127' title='bbox 953 1978 983 2040; x_wconf 90' lang='lat' dir='ltr'><strong>p.</strong></span> <span class='ocrx_word' id='word_1_128' title='bbox 1002 1954 1071 2019; x_wconf 87' lang='grc'><strong>197.</strong></span> <span class='ocrx_word' id='word_1_129' title='bbox 1088 1954 1160 2021; x_wconf 81' lang='grc'><strong>207.</strong></span> <span class='ocrx_word' id='word_1_130' title='bbox 1178 1954 1255 2041; x_wconf 87' lang='grc'><strong>213)</strong></span> <span class='ocrx_word' id='word_1_131' title='bbox 1269 1953 1393 2018; x_wconf 90' lang='lat' dir='ltr'><strong>monuit</strong></span> 
     </span>
     <span class='ocr_line' id='line_1_17' title="bbox 170 2054 1391 2143; baseline -0.001 -24"><span class='ocrx_word' id='word_1_132' title='bbox 170 2054 262 2121; x_wconf 78' lang='lat' dir='ltr'><strong>Trio.</strong></span> <span class='ocrx_word' id='word_1_133' title='bbox 281 2056 354 2121; x_wconf 83' lang='lat'><strong>230.</strong></span> <span class='ocrx_word' id='word_1_134' title='bbox 375 2055 447 2121; x_wconf 82' lang='lat'><strong>962.</strong></span> <span class='ocrx_word' id='word_1_135' title='bbox 474 2055 539 2123; x_wconf 87' lang='lat' dir='ltr'><strong>Cos.</strong></span> <span class='ocrx_word' id='word_1_136' title='bbox 561 2056 641 2134; x_wconf 88' lang='lat'><strong>118,</strong></span> <span class='ocrx_word' id='word_1_137' title='bbox 662 2058 701 2121; x_wconf 77' lang='lat'><strong>78</strong></span> <span class='ocrx_word' id='word_1_138' title='bbox 724 2079 765 2120; x_wconf 86' lang='lat' dir='ltr'><strong>ex</strong></span> <span class='ocrx_word' id='word_1_139' title='bbox 787 2059 856 2134; x_wconf 86' lang='lat' dir='ltr'><strong>siet,</strong></span> <span class='ocrx_word' id='word_1_140' title='bbox 885 2056 972 2143; x_wconf 93' lang='lat' dir='ltr'><strong>quod</strong></span> <span class='ocrx_word' id='word_1_141' title='bbox 1001 2068 1101 2120; x_wconf 91' lang='lat' dir='ltr'><strong>metro</strong></span> <span class='ocrx_word' id='word_1_142' title='bbox 1125 2079 1188 2120; x_wconf 89' lang='lat' dir='ltr'><strong>non</strong></span> <span class='ocrx_word' id='word_1_143' title='bbox 1202 2054 1391 2136; x_wconf 84' lang='lat' dir='ltr'><strong>admittitur,</strong></span> 
     </span>
     <span class='ocr_line' id='line_1_18' title="bbox 167 2155 1390 2247; baseline -0.001 -26"><span class='ocrx_word' id='word_1_144' title='bbox 167 2155 364 2222; x_wconf 91' lang='lat' dir='ltr'><strong>eliciendum</strong></span> <span class='ocrx_word' id='word_1_145' title='bbox 386 2181 456 2224; x_wconf 90' lang='lat' dir='ltr'><strong>esse</strong></span> <span class='ocrx_word' id='word_1_146' title='bbox 478 2163 546 2236; x_wconf 79' lang='lat' dir='ltr'><strong>seit,</strong></span> <span class='ocrx_word' id='word_1_147' title='bbox 574 2182 669 2245; x_wconf 90' lang='lat' dir='ltr'><strong>porro</strong></span> <span class='ocrx_word' id='word_1_148' title='bbox 692 2161 724 2223; x_wconf 90' lang='lat' dir='ltr'><strong>in</strong></span> <span class='ocrx_word' id='word_1_149' title='bbox 741 2161 832 2247; x_wconf 81' lang='lat' dir='ltr'><strong>foros</strong></span> <span class='ocrx_word' id='word_1_150' title='bbox 853 2160 957 2246; x_wconf 80' lang='lat' dir='ltr'><strong>(Troo.</strong></span> <span class='ocrx_word' id='word_1_151' title='bbox 973 2161 1024 2225; x_wconf 84' lang='grc'><strong>96.</strong></span> <span class='ocrx_word' id='word_1_152' title='bbox 1042 2161 1114 2227; x_wconf 90' lang='grc'><strong>289.</strong></span> <span class='ocrx_word' id='word_1_153' title='bbox 1141 2160 1211 2226; x_wconf 82' lang='lat' dir='ltr'><strong>Ger.</strong></span> <span class='ocrx_word' id='word_1_154' title='bbox 1234 2157 1390 2242; x_wconf 80' lang='lat'><strong>117,11)</strong></span> 
     </span>
     <span class='ocr_line' id='line_1_19' title="bbox 166 2261 1391 2349; baseline -0.002 -24"><span class='ocrx_word' id='word_1_155' title='bbox 166 2263 272 2325; x_wconf 85' lang='lat' dir='ltr'><strong>latere</strong></span> <span class='ocrx_word' id='word_1_156' title='bbox 288 2261 395 2347; x_wconf 77' lang='lat' dir='ltr'><strong>foreis,</strong></span> <span class='ocrx_word' id='word_1_157' title='bbox 418 2261 450 2324; x_wconf 94' lang='lat' dir='ltr'><strong>in</strong></span> <span class='ocrx_word' id='word_1_158' title='bbox 474 2263 591 2326; x_wconf 77' lang='lat' dir='ltr'><strong>chiatus</strong></span> <span class='ocrx_word' id='word_1_159' title='bbox 614 2264 666 2326; x_wconf 90' lang='lat' dir='ltr'><strong>vel</strong></span> <span class='ocrx_word' id='word_1_160' title='bbox 688 2263 793 2326; x_wconf 80' lang='lat' dir='ltr'><strong>obolus</strong></span> <span class='ocrx_word' id='word_1_161' title='bbox 814 2263 919 2349; x_wconf 76' lang='lat' dir='ltr'><strong>(Trou</strong></span> <span class='ocrx_word' id='word_1_162' title='bbox 942 2263 1019 2349; x_wconf 78' lang='lat'>235)</span> <span class='ocrx_word' id='word_1_163' title='bbox 1047 2264 1170 2326; x_wconf 80' lang='lat' dir='ltr'><strong>oblet&#39;tus</strong></span> <span class='ocrx_word' id='word_1_164' title='bbox 1192 2263 1239 2347; x_wconf 87' lang='lat' dir='ltr'><strong>(A</strong></span> <span class='ocrx_word' id='word_1_165' title='bbox 1262 2261 1391 2345; x_wconf 79' lang='lat' dir='ltr'><strong>oblitus),</strong></span> 
     </span>
     <span class='ocr_line' id='line_1_20' title="bbox 171 2361 1391 2451; baseline -0.002 -23"><span class='ocrx_word' id='word_1_166' title='bbox 171 2361 241 2428; x_wconf 68' lang='lat' dir='ltr'><strong>Coa</strong></span> <span class='ocrx_word' id='word_1_167' title='bbox 257 2363 309 2430; x_wconf 89' lang='lat' dir='ltr'><strong>IV</strong></span> <span class='ocrx_word' id='word_1_168' title='bbox 325 2366 356 2441; x_wconf 86' lang='lat'><strong>4,</strong></span> <span class='ocrx_word' id='word_1_169' title='bbox 374 2364 414 2428; x_wconf 86' lang='grc'><strong>23</strong></span> <span class='ocrx_word' id='word_1_170' title='bbox 443 2364 476 2427; x_wconf 92' lang='lat' dir='ltr'><strong>in</strong></span> <span class='ocrx_word' id='word_1_171' title='bbox 499 2367 564 2451; x_wconf 79' lang='lat' dir='ltr'><strong>opit</strong></span> <span class='ocrx_word' id='word_1_172' title='bbox 586 2365 643 2450; x_wconf 80' lang='lat' dir='ltr'><strong>(B)</strong></span> <span class='ocrx_word' id='word_1_173' title='bbox 667 2368 735 2428; x_wconf 83' lang='lat' dir='ltr'><strong>et&#39;ee&#39;t</strong></span> <span class='ocrx_word' id='word_1_174' title='bbox 756 2366 822 2451; x_wconf 76' lang='lat' dir='ltr'><strong>(ieet</strong></span> <span class='ocrx_word' id='word_1_175' title='bbox 843 2366 901 2451; x_wconf 88' lang='lat' dir='ltr'><strong>A),</strong></span> <span class='ocrx_word' id='word_1_176' title='bbox 924 2367 1017 2429; x_wconf 83' lang='lat' dir='ltr'><strong>Poen.</strong></span> <span class='ocrx_word' id='word_1_177' title='bbox 1030 2365 1094 2432; x_wconf 76' lang='lat'><strong>404</strong></span> <span class='ocrx_word' id='word_1_178' title='bbox 1116 2365 1150 2429; x_wconf 91' lang='lat' dir='ltr'><strong>in</strong></span> <span class='ocrx_word' id='word_1_179' title='bbox 1172 2377 1262 2429; x_wconf 85' lang='lat' dir='ltr'><strong>orato</strong></span> <span class='ocrx_word' id='word_1_180' title='bbox 1284 2367 1391 2440; x_wconf 72' lang='lat' dir='ltr'><strong>atrata,</strong></span> 
     </span>
     <span class='ocr_line' id='line_1_21' title="bbox 168 2465 1390 2554; baseline -0.001 -23"><span class='ocrx_word' id='word_1_181' title='bbox 168 2465 234 2531; x_wconf 88' lang='grc'><strong>966</strong></span> <span class='ocrx_word' id='word_1_182' title='bbox 273 2465 305 2530; x_wconf 91' lang='lat' dir='ltr'><strong>in</strong></span> <span class='ocrx_word' id='word_1_183' title='bbox 344 2488 461 2530; x_wconf 74' lang='lat' dir='ltr'><strong>nonme</strong></span> <span class='ocrx_word' id='word_1_184' title='bbox 494 2469 634 2543; x_wconf 67' lang='lat' dir='ltr'><strong>sordre,</strong></span> <span class='ocrx_word' id='word_1_185' title='bbox 679 2466 764 2529; x_wconf 79' lang='lat' dir='ltr'><strong>Teuc.</strong></span> <span class='ocrx_word' id='word_1_186' title='bbox 794 2466 857 2531; x_wconf 87' lang='lat'><strong>486</strong></span> <span class='ocrx_word' id='word_1_187' title='bbox 894 2466 928 2529; x_wconf 92' lang='lat' dir='ltr'><strong>in</strong></span> <span class='ocrx_word' id='word_1_188' title='bbox 967 2469 1005 2530; x_wconf 87' lang='lat' dir='ltr'><strong>de</strong></span> <span class='ocrx_word' id='word_1_189' title='bbox 1035 2491 1154 2553; x_wconf 74' lang='lat' dir='ltr'><strong>poppae</strong></span> <span class='ocrx_word' id='word_1_190' title='bbox 1186 2469 1224 2531; x_wconf 87' lang='lat' dir='ltr'><strong>de</strong></span> <span class='ocrx_word' id='word_1_191' title='bbox 1252 2469 1390 2554; x_wconf 74' lang='lat' dir='ltr'><strong>pupnee‘r,</strong></span> 
     </span>
     <span class='ocr_line' id='line_1_22' title="bbox 165 2567 1390 2655; baseline 0.001 -22"><span class='ocrx_word' id='word_1_192' title='bbox 165 2568 232 2636; x_wconf 80' lang='lat'><strong>532</strong></span> <span class='ocrx_word' id='word_1_193' title='bbox 266 2569 300 2632; x_wconf 92' lang='lat' dir='ltr'><strong>in</strong></span> <span class='ocrx_word' id='word_1_194' title='bbox 337 2571 444 2632; x_wconf 66' lang='lat' dir='ltr'><strong>enoda</strong></span> <span class='ocrx_word' id='word_1_195' title='bbox 479 2571 594 2633; x_wconf 78' lang='lat' dir='ltr'><strong>eecidei</strong></span> <span class='ocrx_word' id='word_1_196' title='bbox 633 2572 746 2654; x_wconf 79' lang='lat' dir='ltr'><strong>(eecidi</strong></span> <span class='ocrx_word' id='word_1_197' title='bbox 773 2568 852 2655; x_wconf 83' lang='lat' dir='ltr'><strong>OD)</strong></span> <span class='ocrx_word' id='word_1_198' title='bbox 888 2569 929 2634; x_wconf 90' lang='lat' dir='ltr'><strong>al.</strong></span> <span class='ocrx_word' id='word_1_199' title='bbox 981 2570 1048 2633; x_wconf 77' lang='lat' dir='ltr'><strong>Mil</strong></span> <span class='ocrx_word' id='word_1_200' title='bbox 1071 2571 1147 2654; x_wconf 77' lang='lat' dir='ltr'><strong>plor.</strong></span> <span class='ocrx_word' id='word_1_201' title='bbox 1185 2569 1267 2633; x_wconf 88' lang='grc'><strong>1422</strong></span> <span class='ocrx_word' id='word_1_202' title='bbox 1309 2567 1390 2634; x_wconf 89' lang='lat' dir='ltr'><strong>haec</strong></span> 
     </span>
     <span class='ocr_line' id='line_1_23' title="bbox 167 2671 1392 2756; baseline 0.002 -22"><span class='ocrx_word' id='word_1_203' title='bbox 167 2671 317 2735; x_wconf 90' lang='lat' dir='ltr'><strong>codicum</strong></span> <span class='ocrx_word' id='word_1_204' title='bbox 345 2671 499 2736; x_wconf 90' lang='lat' dir='ltr'><strong>memoria</strong></span> <span class='ocrx_word' id='word_1_205' title='bbox 527 2686 588 2736; x_wconf 90' lang='lat' dir='ltr'><strong>est:</strong></span> <span class='ocrx_word' id='word_1_206' title='bbox 623 2695 682 2736; x_wconf 82' lang='lat' dir='ltr'><strong>non</strong></span> <span class='ocrx_word' id='word_1_207' title='bbox 708 2674 780 2736; x_wconf 80' lang='lat' dir='ltr'><strong>eilris</strong></span> <span class='ocrx_word' id='word_1_208' title='bbox 806 2673 856 2750; x_wconf 90' lang='lat' dir='ltr'><strong>A,</strong></span> <span class='ocrx_word' id='word_1_209' title='bbox 884 2696 904 2734; x_wconf 88' lang='lat' dir='ltr'><strong>o</strong></span> <span class='ocrx_word' id='word_1_210' title='bbox 925 2674 1009 2737; x_wconf 77' lang='lat' dir='ltr'><strong>notis</strong></span> <span class='ocrx_word' id='word_1_211' title='bbox 1030 2671 1069 2749; x_wconf 91' lang='lat' dir='ltr'><strong>P,</strong></span> <span class='ocrx_word' id='word_1_212' title='bbox 1097 2673 1131 2736; x_wconf 92' lang='lat' dir='ltr'><strong>in</strong></span> <span class='ocrx_word' id='word_1_213' title='bbox 1162 2694 1226 2756; x_wconf 91' lang='lat' dir='ltr'><strong>quo</strong></span> <span class='ocrx_word' id='word_1_214' title='bbox 1256 2672 1331 2736; x_wconf 90' lang='lat' dir='ltr'><strong>latet</strong></span> <span class='ocrx_word' id='word_1_215' title='bbox 1353 2674 1392 2736; x_wconf 74' lang='lat' dir='ltr'><strong>ori</strong></span> 
     </span>
     <span class='ocr_line' id='line_1_24' title="bbox 167 2774 1393 2861; baseline 0.003 -24"><span class='ocrx_word' id='word_1_216' title='bbox 167 2775 238 2837; x_wconf 77' lang='lat' dir='ltr'><strong>abio</strong></span> <span class='ocrx_word' id='word_1_217' title='bbox 248 2806 282 2824; x_wconf 81' lang='lat'>=</span> <span class='ocrx_word' id='word_1_218' title='bbox 295 2795 354 2836; x_wconf 76' lang='lat' dir='ltr'><strong>nort</strong></span> <span class='ocrx_word' id='word_1_219' title='bbox 369 2775 450 2837; x_wconf 67' lang='lat' dir='ltr'><strong>eitra</strong></span> <span class='ocrx_word' id='word_1_220' title='bbox 478 2775 545 2840; x_wconf 77' lang='lat' dir='ltr'><strong>Mil.</strong></span> <span class='ocrx_word' id='word_1_221' title='bbox 563 2775 638 2859; x_wconf 76' lang='lat' dir='ltr'><strong>plor.</strong></span> <span class='ocrx_word' id='word_1_222' title='bbox 654 2775 723 2839; x_wconf 91' lang='grc'><strong>162.</strong></span> <span class='ocrx_word' id='word_1_223' title='bbox 741 2774 803 2839; x_wconf 81' lang='lat'><strong>179</strong></span> <span class='ocrx_word' id='word_1_224' title='bbox 817 2777 923 2838; x_wconf 78' lang='lat' dir='ltr'><strong>soimio</strong></span> <span class='ocrx_word' id='word_1_225' title='bbox 933 2809 966 2826; x_wconf 86' lang='lat'>=</span> <span class='ocrx_word' id='word_1_226' title='bbox 979 2778 1084 2840; x_wconf 62' lang='lat' dir='ltr'><strong>emmiu</strong></span> <span class='ocrx_word' id='word_1_227' title='bbox 1098 2774 1135 2839; x_wconf 90' lang='lat' dir='ltr'><strong>P.</strong></span> <span class='ocrx_word' id='word_1_228' title='bbox 1161 2777 1230 2839; x_wconf 81' lang='lat' dir='ltr'><strong>Mil.</strong></span> <span class='ocrx_word' id='word_1_229' title='bbox 1241 2777 1316 2861; x_wconf 63' lang='lat' dir='ltr'><strong>puer.</strong></span> <span class='ocrx_word' id='word_1_230' title='bbox 1329 2776 1393 2841; x_wconf 86' lang='lat'><strong>884</strong></span> 
     </span>
     <span class='ocr_line' id='line_1_25' title="bbox 165 2875 1392 2962; baseline 0.005 -24"><span class='ocrx_word' id='word_1_231' title='bbox 165 2875 203 2939; x_wconf 92' lang='lat' dir='ltr'><strong>in</strong></span> <span class='ocrx_word' id='word_1_232' title='bbox 226 2875 374 2939; x_wconf 88' lang='lat' dir='ltr'><strong>codicum</strong></span> <span class='ocrx_word' id='word_1_233' title='bbox 403 2876 593 2962; x_wconf 88' lang='lat' dir='ltr'><strong>corruptelis</strong></span> <span class='ocrx_word' id='word_1_234' title='bbox 623 2878 784 2942; x_wconf 72' lang='lat' dir='ltr'><strong>deuerteret</strong></span> <span class='ocrx_word' id='word_1_235' title='bbox 811 2877 879 2941; x_wconf 91' lang='lat' dir='ltr'><strong>sive</strong></span> <span class='ocrx_word' id='word_1_236' title='bbox 907 2879 1019 2942; x_wconf 74' lang='lat' dir='ltr'><strong>caseolo</strong></span> <span class='ocrx_word' id='word_1_237' title='bbox 1041 2881 1086 2941; x_wconf 85' lang='lat' dir='ltr'><strong>rei</strong></span> <span class='ocrx_word' id='word_1_238' title='bbox 1107 2877 1185 2942; x_wconf 89' lang='lat' dir='ltr'><strong>latet</strong></span> <span class='ocrx_word' id='word_1_239' title='bbox 1215 2881 1392 2945; x_wconf 72' lang='lat' dir='ltr'><strong>demeteret.</strong></span> 
     </span>
    </p>

    <p class='ocr_par' dir='ltr' id='par_1_7' title="bbox 167 2977 1391 3251">
     <span class='ocr_line' id='line_1_26' title="bbox 256 2977 1391 3066; baseline 0.004 -25"><span class='ocrx_word' id='word_1_240' title='bbox 256 2977 349 3042; x_wconf 87' lang='lat' dir='ltr'><strong>Haec</strong></span> <span class='ocrx_word' id='word_1_241' title='bbox 372 2988 456 3055; x_wconf 92' lang='lat' dir='ltr'><strong>sunt,</strong></span> <span class='ocrx_word' id='word_1_242' title='bbox 481 2978 620 3062; x_wconf 90' lang='lat' dir='ltr'><strong>quaein</strong></span> <span class='ocrx_word' id='word_1_243' title='bbox 644 2977 819 3065; x_wconf 87' lang='lat' dir='ltr'><strong>legentium</strong></span> <span class='ocrx_word' id='word_1_244' title='bbox 849 3002 944 3044; x_wconf 90' lang='lat' dir='ltr'><strong>usum</strong></span> <span class='ocrx_word' id='word_1_245' title='bbox 968 2980 1061 3064; x_wconf 90' lang='lat' dir='ltr'><strong>quasi</strong></span> <span class='ocrx_word' id='word_1_246' title='bbox 1084 3002 1142 3066; x_wconf 91' lang='lat' dir='ltr'><strong>per</strong></span> <span class='ocrx_word' id='word_1_247' title='bbox 1165 2981 1391 3066; x_wconf 83' lang='lat' dir='ltr'><strong>compendium</strong></span> 
     </span>
     <span class='ocr_line' id='line_1_27' title="bbox 167 3080 1391 3168; baseline 0.002 -23"><span class='ocrx_word' id='word_1_248' title='bbox 167 3084 316 3146; x_wconf 84' lang='lat' dir='ltr'><strong>conferre</strong></span> <span class='ocrx_word' id='word_1_249' title='bbox 350 3080 464 3157; x_wconf 84' lang='lat' dir='ltr'><strong>libuit3</strong></span> <span class='ocrx_word' id='word_1_250' title='bbox 508 3081 671 3166; x_wconf 86' lang='lat' dir='ltr'><strong>permulta</strong></span> <span class='ocrx_word' id='word_1_251' title='bbox 709 3081 772 3147; x_wconf 83' lang='lat' dir='ltr'><strong>alia</strong></span> <span class='ocrx_word' id='word_1_252' title='bbox 805 3083 954 3168; x_wconf 88' lang='lat' dir='ltr'><strong>propriae</strong></span> <span class='ocrx_word' id='word_1_253' title='bbox 993 3083 1253 3148; x_wconf 82' lang='lat' dir='ltr'><strong>commentationi</strong></span> <span class='ocrx_word' id='word_1_254' title='bbox 1293 3104 1391 3147; x_wconf 85' lang='lat' dir='ltr'><strong>reser-</strong></span> 
     </span>
     <span class='ocr_line' id='line_1_28' title="bbox 167 3183 383 3251; baseline 0.019 -3"><span class='ocrx_word' id='word_1_255' title='bbox 167 3183 279 3248; x_wconf 86' lang='lat' dir='ltr'><strong>vanda</strong></span> <span class='ocrx_word' id='word_1_256' title='bbox 300 3195 383 3251; x_wconf 89' lang='lat' dir='ltr'><strong>sunt.</strong></span> 
     </span>
    </p>
   </div>
   <div class='ocr_carea' id='block_1_3' title="bbox 681 3395 883 3404">
    <p class='ocr_par' dir='ltr' id='par_1_8' title="bbox 681 3395 883 3404">
     <span class='ocr_line' id='line_1_29' title="bbox 681 3395 883 3404; baseline 0 -2"><span class='ocrx_word' id='word_1_257' title='bbox 681 3395 883 3404; x_wconf 75' lang='grc'><strong>-..-.-,---.</strong></span> 
     </span>
    </p>
   </div>
   <div class='ocr_carea' id='block_1_4' title="bbox 602 3615 958 3711">
    <p class='ocr_par' dir='ltr' id='par_1_9' title="bbox 602 3615 958 3711">
     <span class='ocr_line' id='line_1_30' title="bbox 602 3615 958 3711; baseline -0.006 -22"><span class='ocrx_word' id='word_1_258' title='bbox 602 3616 749 3711; x_wconf 76' lang='lat' dir='ltr'><strong>Caput</strong></span> <span class='ocrx_word' id='word_1_259' title='bbox 774 3615 958 3688; x_wconf 91' lang='lat' dir='ltr'><strong>tertium.</strong></span> 
     </span>
    </p>
   </div>
   <div class='ocr_carea' id='block_1_5' title="bbox 168 3814 1393 4625">
    <p class='ocr_par' dir='ltr' id='par_1_10' title="bbox 168 3814 1393 4625">
     <span class='ocr_line' id='line_1_31' title="bbox 256 3814 1391 3905; baseline 0.001 -26"><span class='ocrx_word' id='word_1_260' title='bbox 256 3814 366 3880; x_wconf 89' lang='lat' dir='ltr'><strong>Plauti</strong></span> <span class='ocrx_word' id='word_1_261' title='bbox 392 3815 519 3881; x_wconf 89' lang='lat' dir='ltr'><strong>fabulas</strong></span> <span class='ocrx_word' id='word_1_262' title='bbox 546 3838 651 3903; x_wconf 90' lang='lat' dir='ltr'><strong>neque</strong></span> <span class='ocrx_word' id='word_1_263' title='bbox 680 3815 721 3880; x_wconf 86' lang='lat' dir='ltr'><strong>ab</strong></span> <span class='ocrx_word' id='word_1_264' title='bbox 749 3818 819 3905; x_wconf 93' lang='lat' dir='ltr'><strong>ipso</strong></span> <span class='ocrx_word' id='word_1_265' title='bbox 847 3826 944 3903; x_wconf 90' lang='lat' dir='ltr'><strong>poeta</strong></span> <span class='ocrx_word' id='word_1_266' title='bbox 972 3837 1077 3899; x_wconf 90' lang='lat' dir='ltr'><strong>neque</strong></span> <span class='ocrx_word' id='word_1_267' title='bbox 1111 3815 1179 3879; x_wconf 90' lang='lat' dir='ltr'><strong>eius</strong></span> <span class='ocrx_word' id='word_1_268' title='bbox 1208 3827 1312 3880; x_wconf 88' lang='lat' dir='ltr'><strong>aetate</strong></span> <span class='ocrx_word' id='word_1_269' title='bbox 1335 3817 1391 3880; x_wconf 86' lang='lat' dir='ltr'><strong>sed</strong></span> 
     </span>
     <span class='ocr_line' id='line_1_32' title="bbox 168 3917 1392 4005; baseline 0 -22"><span class='ocrx_word' id='word_1_270' title='bbox 168 3917 307 4003; x_wconf 88' lang='lat' dir='ltr'><strong>septimo</strong></span> <span class='ocrx_word' id='word_1_271' title='bbox 330 3917 457 3982; x_wconf 89' lang='lat' dir='ltr'><strong>demum</strong></span> <span class='ocrx_word' id='word_1_272' title='bbox 475 3920 565 3983; x_wconf 90' lang='lat' dir='ltr'><strong>urbis</strong></span> <span class='ocrx_word' id='word_1_273' title='bbox 581 3919 720 3996; x_wconf 89' lang='lat' dir='ltr'><strong>saeculo,</strong></span> <span class='ocrx_word' id='word_1_274' title='bbox 744 3942 817 3983; x_wconf 92' lang='lat' dir='ltr'><strong>cum</strong></span> <span class='ocrx_word' id='word_1_275' title='bbox 840 3920 882 3984; x_wconf 92' lang='lat' dir='ltr'><strong>ob</strong></span> <span class='ocrx_word' id='word_1_276' title='bbox 896 3941 1052 3984; x_wconf 84' lang='lat' dir='ltr'><strong>novarum</strong></span> <span class='ocrx_word' id='word_1_277' title='bbox 1077 3917 1317 3983; x_wconf 90' lang='lat' dir='ltr'><strong>comoediarum</strong></span> <span class='ocrx_word' id='word_1_278' title='bbox 1340 3941 1392 4005; x_wconf 91' lang='lat' dir='ltr'><strong>pe-</strong></span> 
     </span>
     <span class='ocr_line' id='line_1_33' title="bbox 168 4020 1392 4107; baseline -0.002 -19"><span class='ocrx_word' id='word_1_279' title='bbox 168 4021 297 4088; x_wconf 89' lang='lat' dir='ltr'><strong>nuriam</strong></span> <span class='ocrx_word' id='word_1_280' title='bbox 318 4034 442 4086; x_wconf 85' lang='lat' dir='ltr'><strong>veteres</strong></span> <span class='ocrx_word' id='word_1_281' title='bbox 457 4021 588 4087; x_wconf 84' lang='lat' dir='ltr'><strong>fabulae</strong></span> <span class='ocrx_word' id='word_1_282' title='bbox 609 4020 726 4085; x_wconf 92' lang='lat' dir='ltr'><strong>iterum</strong></span> <span class='ocrx_word' id='word_1_283' title='bbox 747 4021 779 4085; x_wconf 92' lang='lat' dir='ltr'><strong>in</strong></span> <span class='ocrx_word' id='word_1_284' title='bbox 800 4043 950 4086; x_wconf 82' lang='lat' dir='ltr'><strong>scaenam</strong></span> <span class='ocrx_word' id='word_1_285' title='bbox 972 4023 1236 4107; x_wconf 78' lang='lat' dir='ltr'><strong>producerentur,</strong></span> <span class='ocrx_word' id='word_1_286' title='bbox 1259 4045 1323 4086; x_wconf 91' lang='lat' dir='ltr'><strong>non</strong></span> <span class='ocrx_word' id='word_1_287' title='bbox 1346 4021 1392 4086; x_wconf 90' lang='lat' dir='ltr'><strong>sic</strong></span> 
     </span>
     <span class='ocr_line' id='line_1_34' title="bbox 169 4115 1392 4212; baseline -0.002 -22"><span class='ocrx_word' id='word_1_288' title='bbox 169 4137 206 4190; x_wconf 92' lang='lat' dir='ltr'><strong>ut</strong></span> <span class='ocrx_word' id='word_1_289' title='bbox 228 4136 343 4209; x_wconf 90' lang='lat' dir='ltr'><strong>poetae</strong></span> <span class='ocrx_word' id='word_1_290' title='bbox 365 4147 464 4189; x_wconf 90' lang='lat' dir='ltr'><strong>manu</strong></span> <span class='ocrx_word' id='word_1_291' title='bbox 492 4125 700 4200; x_wconf 85' lang='lat' dir='ltr'><strong>constitutae,</strong></span> <span class='ocrx_word' id='word_1_292' title='bbox 729 4124 785 4188; x_wconf 87' lang='lat' dir='ltr'><strong>sed</strong></span> <span class='ocrx_word' id='word_1_293' title='bbox 807 4134 844 4188; x_wconf 93' lang='lat' dir='ltr'><strong>ut</strong></span> <span class='ocrx_word' id='word_1_294' title='bbox 868 4115 887 4188; x_wconf 82' lang='lat' dir='ltr'><strong>a</strong></span> <span class='ocrx_word' id='word_1_295' title='bbox 909 4125 1046 4189; x_wconf 92' lang='lat' dir='ltr'><strong>dominis</strong></span> <span class='ocrx_word' id='word_1_296' title='bbox 1068 4148 1206 4212; x_wconf 83' lang='lat' dir='ltr'><strong>gregum</strong></span> <span class='ocrx_word' id='word_1_297' title='bbox 1227 4147 1287 4211; x_wconf 93' lang='lat' dir='ltr'><strong>pro</strong></span> <span class='ocrx_word' id='word_1_298' title='bbox 1310 4123 1392 4189; x_wconf 84' lang='lat' dir='ltr'><strong>arbi·</strong></span> 
     </span>
     <span class='ocr_line' id='line_1_35' title="bbox 168 4215 1392 4314; baseline -0.002 -21"><span class='ocrx_word' id='word_1_299' title='bbox 168 4215 257 4294; x_wconf 89' lang='lat' dir='ltr'><strong>tratu</strong></span> <span class='ocrx_word' id='word_1_300' title='bbox 286 4247 344 4292; x_wconf 85' lang='lat' dir='ltr'><strong>suo</strong></span> <span class='ocrx_word' id='word_1_301' title='bbox 370 4229 403 4291; x_wconf 94' lang='lat' dir='ltr'><strong>in</strong></span> <span class='ocrx_word' id='word_1_302' title='bbox 431 4249 525 4291; x_wconf 92' lang='lat' dir='ltr'><strong>usum</strong></span> <span class='ocrx_word' id='word_1_303' title='bbox 549 4227 712 4291; x_wconf 87' lang='lat' dir='ltr'><strong>actionum</strong></span> <span class='ocrx_word' id='word_1_304' title='bbox 736 4236 927 4292; x_wconf 87' lang='lat' dir='ltr'><strong>retractatae</strong></span> <span class='ocrx_word' id='word_1_305' title='bbox 956 4242 1047 4292; x_wconf 86' lang='lat' dir='ltr'><strong>erant</strong></span> <span class='ocrx_word' id='word_1_306' title='bbox 1079 4229 1268 4314; x_wconf 85' lang='lat' dir='ltr'><strong>singillatim</strong></span> <span class='ocrx_word' id='word_1_307' title='bbox 1290 4227 1392 4292; x_wconf 87' lang='lat' dir='ltr'><strong>editas</strong></span> 
     </span>
     <span class='ocr_line' id='line_1_36' title="bbox 168 4329 1391 4414; baseline -0.006 -14"><span class='ocrx_word' id='word_1_308' title='bbox 168 4341 379 4400; x_wconf 71' lang='lat' dir='ltr'><strong>asserentum</strong></span> <span class='ocrx_word' id='word_1_309' title='bbox 395 4340 452 4398; x_wconf 89' lang='lat' dir='ltr'><strong>est.</strong></span> <span class='ocrx_word' id='word_1_310' title='bbox 495 4351 633 4413; x_wconf 86' lang='lat' dir='ltr'><strong>quorum</strong></span> <span class='ocrx_word' id='word_1_311' title='bbox 656 4351 756 4414; x_wconf 88' lang='lat' dir='ltr'><strong>opera</strong></span> <span class='ocrx_word' id='word_1_312' title='bbox 771 4329 809 4393; x_wconf 59' lang='lat' dir='ltr'><strong>,in</strong></span> <span class='ocrx_word' id='word_1_313' title='bbox 832 4343 990 4413; x_wconf 90' lang='lat' dir='ltr'><strong>quantum</strong></span> <span class='ocrx_word' id='word_1_314' title='bbox 1013 4330 1054 4395; x_wconf 87' lang='lat' dir='ltr'><strong>ad</strong></span> <span class='ocrx_word' id='word_1_315' title='bbox 1076 4341 1160 4394; x_wconf 85' lang='lat' dir='ltr'><strong>totas</strong></span> <span class='ocrx_word' id='word_1_316' title='bbox 1182 4351 1316 4394; x_wconf 88' lang='lat' dir='ltr'><strong>scaenas</strong></span> <span class='ocrx_word' id='word_1_317' title='bbox 1339 4329 1391 4394; x_wconf 87' lang='lat' dir='ltr'><strong>vel</strong></span> 
     </span>
     <span class='ocr_line' id='line_1_37' title="bbox 169 4432 1392 4520; baseline -0.001 -22"><span class='ocrx_word' id='word_1_318' title='bbox 169 4450 362 4498; x_wconf 80' lang='lat' dir='ltr'><strong>scaenarum</strong></span> <span class='ocrx_word' id='word_1_319' title='bbox 384 4441 491 4519; x_wconf 87' lang='lat' dir='ltr'><strong>partes</strong></span> <span class='ocrx_word' id='word_1_320' title='bbox 514 4442 571 4496; x_wconf 90' lang='lat' dir='ltr'><strong>aut</strong></span> <span class='ocrx_word' id='word_1_321' title='bbox 587 4432 785 4496; x_wconf 85' lang='lat' dir='ltr'><strong>resecandas</strong></span> <span class='ocrx_word' id='word_1_322' title='bbox 808 4446 863 4497; x_wconf 89' lang='lat' dir='ltr'><strong>aut</strong></span> <span class='ocrx_word' id='word_1_323' title='bbox 884 4434 1055 4497; x_wconf 88' lang='lat' dir='ltr'><strong>mutandas</strong></span> <span class='ocrx_word' id='word_1_324' title='bbox 1078 4433 1269 4520; x_wconf 89' lang='lat' dir='ltr'><strong>pertinuerit</strong></span> <span class='ocrx_word' id='word_1_325' title='bbox 1297 4455 1392 4519; x_wconf 82' lang='lat' dir='ltr'><strong>quae</strong></span> 
     </span>
     <span class='ocr_line' id='line_1_38' title="bbox 171 4534 1393 4625; baseline 0 -23"><span class='ocrx_word' id='word_1_326' title='bbox 171 4557 242 4602; x_wconf 91' lang='lat' dir='ltr'><strong>rere</strong></span> <span class='ocrx_word' id='word_1_327' title='bbox 265 4535 341 4601; x_wconf 87' lang='lat' dir='ltr'><strong>huie</strong></span> <span class='ocrx_word' id='word_1_328' title='bbox 369 4534 632 4600; x_wconf 86' lang='lat' dir='ltr'><strong>commentationi</strong></span> <span class='ocrx_word' id='word_1_329' title='bbox 662 4557 725 4598; x_wconf 89' lang='lat' dir='ltr'><strong>non</strong></span> <span class='ocrx_word' id='word_1_330' title='bbox 749 4536 916 4614; x_wconf 88' lang='lat' dir='ltr'><strong>convenit,</strong></span> <span class='ocrx_word' id='word_1_331' title='bbox 945 4535 1065 4625; x_wconf 90' lang='lat' dir='ltr'><strong>quippe</strong></span> <span class='ocrx_word' id='word_1_332' title='bbox 1089 4536 1141 4600; x_wconf 90' lang='lat' dir='ltr'><strong>cui</strong></span> <span class='ocrx_word' id='word_1_333' title='bbox 1163 4537 1329 4624; x_wconf 88' lang='lat' dir='ltr'><strong>proposita</strong></span> <span class='ocrx_word' id='word_1_334' title='bbox 1352 4535 1393 4602; x_wconf 87' lang='lat' dir='ltr'><strong>sit</strong></span> 
     </span>
    </p>
   </div>
   <div class='ocr_carea' id='block_1_6' title="bbox 0 0 1565 5138">
    <p class='ocr_par' dir='ltr' id='par_1_11' title="bbox 0 0 1565 5138">
     <span class='ocr_line' id='line_1_39' title="bbox 0 0 1565 5138; baseline 0 0"><span class='ocrx_word' id='word_1_335' title='bbox 0 0 1565 5138; x_wconf 95' lang='lat' dir='ltr'><strong> </strong></span> 
     </span>
    </p>
   </div>
  </div>
 </body>
</html>
