3120 5138
752 307 815 375 115

166 512 476 599 Btilrnenexemplar
504 513 603 580 selbst
629 512 921 600 zuriickgehenden
950 510 1278 596 Scenenscheidung.‘
1324 510 1392 577 Ma

169 615 334 681 stellariae
357 615 458 701 igitur
485 616 555 681 loco
577 616 797 682 antecedentis
820 615 981 701 monologi
1010 615 1128 680 senarii
1151 638 1171 680 a
1194 615 1314 701 dialogi
1346 615 1392 679 in·

166 720 331 808 sequentis
362 732 463 785 metro
492 720 667 786 bacchiaco
696 742 799 785 novae
827 741 961 784 scaenae
984 718 1076 785 titulo
1099 719 1337 796 discernuntur,
1360 720 1393 783 in

167 822 205 888 A
228 844 332 907 neque
354 821 561 888 intervallum
584 844 689 909 neque
712 820 824 887 titulus
846 822 1058 907 interpositus
1081 834 1139 887 est.

259 924 422 1011 Longiore
452 925 669 1010 disputatione
696 947 779 1010 opus
805 936 853 990 est
882 924 922 989 de
949 925 1033 988 Pers.
1063 923 1187 989 scaenis
1216 922 1268 988 IV
1287 923 1395 1000 6-8,

169 1027 212 1093 de
235 1028 354 1115 quibus
376 1027 473 1112 paulo
496 1025 722 1113 neglegentius
745 1027 810 1114 egit
826 1026 1019 1115 Spengelius
1042 1050 1073 1112 p.
1096 1026 1168 1095 285.
1191 1048 1288 1092 versu
1310 1025 1395 1093 euim

168 1131 235 1199 726
269 1153 342 1197 cum
376 1131 507 1197 Saturio
540 1153 559 1194 a
593 1129 710 1196 Toxilo
743 1141 896 1195 evocatus
919 1129 953 1193 in
987 1129 1214 1213 proscaenium
1247 1127 1395 1216 prodeat,

169 1234 367 1320 Spengelius
390 1255 509 1299 novam
532 1254 683 1298 scaenam
706 1232 782 1296 inde
805 1232 947 1296 averbis
969 1231 1068 1314 ,Ecce
1091 1243 1152 1297 me‘
1177 1232 1302 1298 institui
1327 1232 1397 1298 vult

172 1335 264 1401 nisus
288 1335 517 1413 Ambrosiano,
546 1334 603 1418 qui
633 1345 707 1399 ante
735 1334 823 1399 hunc
845 1357 975 1400 versum
999 1336 1140 1423 spatium
1164 1334 1259 1402 unius
1284 1356 1396 1400 versus

169 1449 337 1503 monstrat.
353 1460 458 1525 neque
473 1438 603 1503 videtur
614 1438 825 1503 Ambrosiani
843 1437 1030 1504 memoriam
1044 1437 1127 1504 falso
1139 1437 1342 1524 interpretari
1351 1439 1394 1524 1);

169 1542 230 1606 sed
258 1565 331 1608 cum
355 1543 558 1607 coniecturae
580 1541 676 1607 fidem
704 1541 780 1606 iude
802 1540 911 1606 afferri
940 1553 1047 1626 putat,
1075 1541 1161 1626 quod
1184 1540 1288 1606 codex
1310 1539 1341 1605 Β
1362 1538 1394 1603 in

169 1643 264 1709 titulo
296 1645 405 1710 versui
432 1644 496 1710 683
523 1646 708 1730 praeposito
730 1645 789 1731 (sc.
808 1643 856 1706 IV
871 1643 906 1728 6)
936 1665 1049 1708 nomen
1067 1641 1246 1709 Saturionis
1263 1665 1327 1709 non
1342 1665 1397 1708 ex·

169 1746 282 1813 hibent
303 1748 351 1833 (in
373 1747 406 1812 D
429 1747 531 1814 altera
554 1771 652 1813 manu
674 1747 835 1813 adiectum
859 1747 931 1833 est),
954 1768 1028 1810 eum
1051 1767 1181 1830 prorsus
1203 1745 1287 1832 fugit
1302 1744 1396 1811 Pala-

167 1850 256 1915 tinos
282 1850 358 1916 inde
386 1873 405 1915 a
429 1874 459 1914 v.
478 1851 539 1916 711
564 1872 681 1915 novam
711 1872 862 1915 scaenam
884 1849 984 1915 ordiri
1007 1848 1100 1915 titulo
1124 1871 1202 1916 sane
1231 1861 1393 1914 carentem

169 1952 248 2038 (nisi
271 1952 359 2037 quod
382 1953 414 2017 in
431 1952 463 2017 D
480 1954 581 2018 altera
603 1976 701 2018 manu
724 1953 863 2039 scriptus
877 1953 951 2034 est),
975 1950 1081 2016 sedin
1098 1973 1162 2036 quo
1178 1949 1394 2017 dubitandum

169 2078 237 2122 non
261 2067 309 2121 est
331 2055 410 2143 quin
432 2055 509 2120 olim
526 2056 654 2121 Saturio
676 2055 858 2120 nominatus
881 2056 987 2119 suerit.
1022 2055 1131 2137 itaque
1154 2053 1394 2120 memorabilem

170 2158 354 2244 detegimus
370 2157 594 2224 recensionum
610 2157 871 2243 discrepantiam,
887 2159 977 2223 cuius
994 2156 1163 2222 consilium
1178 2156 1212 2221 in
1227 2157 1398 2244 propatulo

170 2275 230 2328 est.
281 2260 521 2327 Ambrosianae
554 2261 748 2327 recensionis
778 2273 890 2325 auctor
918 2259 1085 2346 vulgarem
1108 2259 1213 2345 legem
1241 2260 1398 2345 sequitur,

170 2375 210 2430 ut
233 2365 361 2452 quando
384 2386 470 2428 nova
499 2386 638 2451 persona
669 2366 701 2429 in
731 2385 882 2428 scaenam
911 2362 1137 2449 progrediatur
1170 2384 1255 2428 nova
1282 2384 1400 2428 scaena

173 2466 376 2530 exordienda
399 2467 449 2529 sit.
495 2477 528 2530 at
556 2467 717 2553 integrum
742 2488 871 2532 versum
899 2488 1003 2531 novae
1026 2488 1162 2533 scaenae
1185 2465 1278 2531 initio
1300 2465 1398 2531 disse-

170 2569 251 2646 cari,
274 2569 419 2646 consilio,
442 2591 507 2656 quo
529 2569 561 2633 in
585 2569 711 2634 scaenis
734 2568 970 2656 distinguendis
992 2568 1165 2633 histriones
1184 2567 1396 2647 ducebantur,

170 2695 238 2737 non
260 2671 367 2736 minus
390 2685 560 2759 repugnat,
584 2695 681 2759 quam
697 2672 923 2738 Palatinorum
946 2682 1033 2736 certe
1055 2670 1210 2737 librorum
1236 2671 1396 2738 constanti

173 2775 409 2840 consuetudini.
455 2775 573 2841 etenim
596 2785 632 2840 ut
655 2773 696 2843 ab
718 2775 780 2840 hoc
802 2774 873 2839 loeo
894 2773 1093 2854 recedamus,
1116 2773 1263 2840 videmus
1293 2797 1398 2860 neque

172 2879 264 2945 Most.
291 2878 355 2944 420
388 2900 506 2962 neque,
542 2878 629 2966 quod
663 2879 756 2964 longe
790 2877 923 2962 gratim
957 2889 1023 2954 est,
1062 2877 1147 2942 Tmo.
1178 2877 1241 2945 914
1279 2900 1398 2944 novam

172 3003 326 3049 scaenam
348 2981 474 3046 institui
496 2982 594 3066 idque
624 2978 665 3046 ob
688 3003 759 3046 eam
782 2980 985 3046 solummodo
1013 3002 1162 3058 causam,
1192 3003 1232 3046 ne
1254 2981 1288 3046 in
1315 2981 1397 3048 duas

172 3097 283 3170 partes
310 3107 423 3149 versus
452 3085 723 3169 disrumperetur3
751 3083 867 3148 unicus
896 3095 1003 3149 autem
1033 3082 1121 3168 quod
1142 3082 1243 3148 sciam
1275 3107 1398 3165 versus,

173 3183 288 3272 quiin
317 3184 422 3250 medio
450 3207 639 3250 scaenarum
666 3185 904 3250 distinctionem
933 3185 968 3249 in
994 3185 1023 3250 P
1050 3187 1204 3270 ostendit,
1235 3187 1397 3254 noviciam

173 3287 244 3352 eius
267 3287 424 3374 originem
454 3310 530 3374 prae
554 3311 587 3353 se
609 3288 679 3355 fert.
724 3288 756 3351 in
777 3288 892 3352 Bacch.
916 3312 945 3354 v.
968 3288 1032 3355 583
1059 3300 1132 3376 post
1156 3288 1255 3356 verba
1278 3289 1397 3380 ,Eloqui

110 3411 116 3421 ·
175 3388 275 3455 exit?·
299 3390 332 3453 in
355 3389 467 3454 codice
490 3398 599 3454 vetere
622 3411 726 3455 novae
753 3410 890 3454 scaenae
912 3390 1023 3456 titulus
1050 3393 1191 3480 scriptus
1215 3403 1263 3458 est
1286 3393 1398 3472 ‚Pisto-

176 3490 282 3555 clerus
305 3492 523 3569 adulescens‘3
554 3492 587 3556 in
610 3514 674 3579 quo
697 3514 780 3575 quae
803 3491 1003 3557 desideratur
1025 3497 1286 3562 commemoratio
1307 3519 1399 3584 para⁴

174 3592 246 3670 siti,
274 3593 367 3658 tertia
396 3617 491 3659 manu
516 3607 628 3680 postea
650 3594 760 3658 addita
782 3596 875 3677 est.²)
918 3596 1004 3678 quod
1031 3619 1105 3664 cum
1135 3598 1318 3687 paullulum
1347 3621 1399 3664 su·

175 3695 330 3781 spicionis
359 3696 486 3775 iniciat,
509 3719 560 3762 res
588 3698 755 3764 conficitur
784 3718 837 3773 eo,
873 3697 959 3784 quod
984 3698 1017 3763 in
1046 3722 1164 3765 scaeua
1186 3701 1275 3769 IVl
1303 3701 1399 3766 titulo

174 3797 401 3882 antiquissimo
417 3798 604 3876 ,Parasitus
619 3800 716 3865 Puer.
734 3799 964 3866 Adolescen
974 3812 1006 3866 s‘
1021 3802 1192 3868 Pistocleri
1203 3803 1398 3890 significatio

174 3901 242 3964 iam
279 3901 471 3965 continetur.
524 3902 685 3966 contraria
721 3924 798 3967 sane
837 3915 886 3969 est
922 3907 1081 3970 sententia
1117 3904 1300 3993 Spengelii‚
1343 3905 1399 3993 qui

266 4159 286 4223 ¹)
303 4157 408 4211 Contra
426 4156 607 4211 falsissimum
625 4162 682 4224 est,
700 4159 776 4226 quod
793 4159 965 4215 Ritscheliue
983 4160 1013 4216 in
1030 4160 1212 4217 adnotatione
1235 4177 1363 4219 scaenam
1381 4179 1398 4219 a

175 4258 260 4298 versu
278 4242 328 4296 tat
354 4242 448 4311 potius
476 4242 639 4297 ordiendam
664 4260 723 4298 esse
746 4250 857 4312 censet,
884 4247 908 4301 ei
929 4246 1045 4303 omnino
1067 4277 1101 4286 -
1124 4247 1154 4301 id
1171 4247 1245 4316 quod
1263 4253 1350 4318 neget
1367 4281 1400 4290 —-

176 4326 356 4382 distinctioni
374 4327 451 4381 locus
469 4327 507 4381 sit
524 4331 615 4397 aptus.

264 4447 287 4513 ²)
304 4444 416 4501 Codicis
435 4445 462 4501 D
485 4448 562 4501 tituli
580 4450 701 4503 secunda
723 4466 807 4504 manu
831 4450 931 4520 scripti
955 4450 1135 4521 perexiguam
1152 4451 1258 4506 habent
1281 4455 1402 4509 auctori·

177 4536 275 4600 tatem,
293 4533 382 4587 multo
400 4533 542 4598 maiorem,
560 4532 589 4586 ni
607 4533 698 4599 fallor,
718 4535 766 4602 qui
783 4535 869 4588 tertia
886 4552 971 4589 manu
987 4535 1078 4591 additi
1096 4540 1168 4591 sunt.

1082 4661 1085 4667 .
1198 4640 1235 4694 gs
