3120 5138
745 226 945 326 24„-

236 430 356 516 plicat‘.
400 440 436 495 ut
458 452 553 495 versu
574 429 756 496 Trinummi
771 431 833 495 252
856 431 1067 497 Ambrosiani
1089 430 1281 515 scripturam
1310 429 1457 510 reiciam,

238 532 382 596 adducor
415 533 485 596 Mil.
513 534 588 618 glor.
620 557 650 596 v.
680 534 752 611 693,
786 533 842 599 ubi
871 536 1056 620 plicatricem
1084 531 1328 599 Studemundus
1356 553 1397 596 ex
1429 533 1460 595 A

235 634 385 699 restituit.
428 649 531 700 artem
554 648 662 701 antem
682 637 819 702 vestium
841 639 1005 723 eleganter
1022 635 1247 721 plicandarum
1263 631 1457 708 mulieribus

235 738 361 825 graecis
389 737 535 826 inprimis
562 761 664 804 curae.
682 740 782 804 fuisse
804 750 836 804 et
858 763 878 803 a
900 738 1040 825 propriis
1063 737 1164 805 servis
1188 736 1366 802 exercitam
1389 758 1463 801 esse

235 852 347 907 notum
368 852 424 906 est.
1159 860 1161 864 “
1264 902 1266 907 .

319 946 430 1009 Pseud.
449 943 520 1008 153.
564 943 612 1008 A:
635 943 710 1008 Hoc
733 944 888 1010 videas:
911 943 993 1007 alias
1016 964 1068 1007 ree
1090 953 1200 1027 agunt.
1297 993 1300 999 .

572 1044 616 1110 P:
640 1046 712 1110 Hoc
735 1047 825 1112 vide
848 1047 903 1112 sis
924 1059 966 1110 ut
988 1046 1069 1111 alias
1090 1066 1142 1109 res
1163 1054 1276 1130 agunt

319 1147 486 1213 Palatinos
513 1149 556 1212 ad
585 1148 695 1214 Plauti
730 1172 833 1234 genus
861 1149 990 1214 dicendi
1011 1147 1118 1212 ¹multo
1141 1146 1275 1232 propius
1303 1144 1461 1210 accedere

224 1274 336 1340 'quarn
358 1249 613 1316 Ambrosianum
635 1250 784 1317 Loewius
808 1254 916 1336 (Aeol.
932 1254 1036 1316 Ploat.
1059 1272 1090 1336 p.
1108 1248 1185 1334 163)
1208 1248 1461 1326 demonstravit3

237 1353 293 1438 qui
314 1352 492 1439 genuinum
509 1352 653 1418 ordinem
668 1354 840 1420 verborum
863 1355 935 1433 ,hoc
956 1355 1000 1418 sis
1016 1354 1090 1418 vide
1104 1363 1150 1419 ut‘
1174 1352 1282 1417 multis
1298 1350 1460 1436 exemplis
1483 1430 1487 1440 ι

236 1454 479 1543 comprobatum
503 1469 591 1520 certa
613 1457 834 1525 emendatione
857 1458 1027 1522 restituens
1048 1456 1144 1524 simul
1165 1454 1341 1543 perspexit
1354 1458 1460 1520 cidem

237 1559 271 1622 in
301 1558 336 1623 A
358 1581 378 1621 a
406 1569 585 1622 correctore
619 1559 751 1623 metrico
784 1559 992 1626 substitutum
1025 1581 1110 1637 esse,
1149 1558 1241 1622 cuius
1274 1545 1461 1642 mutationis

239 1684 337 1727 causa
373 1661 406 1723 in
450 1660 623 1745 propatulo
661 1672 718 1727 est.
777 1663 809 1726 in
846 1664 1024 1748 archetypo
1062 1661 1146 1730 enirn
1183 1659 1390 1731 Ambrosiani
1428 1672 1462 1725 et

236 1763 457 1829 Palatinorum
484 1763 549 1827 iam
578 1764 691 1829 eadem
714 1764 883 1830 verborum
907 1763 1074 1830 collocatio
1097 1760 1238 1838 extabat,
1269 1761 1409 1847 quaein
1431 1760 1462 1826 P

238 1877 376 1931 aetatem
404 1865 492 1943 tulit3
528 1865 622 1949 unde,
656 1880 692 1931 ut
719 1879 820 1932 metro
847 1866 1054 1952 pessumdato
1082 1863 1271 1942 consuleret,
1299 1874 1462 1929 corrector

236 1969 290 2034 ille
314 1968 417 2033 deleto
439 1971 478 2032 sa
500 1982 532 2032 et
553 1981 586 2031 ut
607 1969 684 2033 fecit
707 1970 864 2047 ,videas
893 1968 994 2033 alias
1017 1989 1068 2033 res
1090 1975 1212 2053 agunt.

328 2071 408 2135 Tria
434 2069 495 2136 186

391 2173 440 2242 A:
462 2172 571 2237 Hasce
594 2173 673 2237 mihi
697 2187 826 2260 propter
848 2195 899 2238 res
922 2173 1023 2237 malas
1045 2172 1147 2236 famas
1170 2173 1278 2235 lerunt

390 2275 434 2340 P:
456 2275 600 2341 Haecine
624 2298 674 2341 me
696 2291 827 2361 propter
849 2299 899 2341 res
922 2275 1110 2340 maledictas
1132 2275 1235 2338 lamas
1254 2274 1372 2338 ferunt.

322 2375 531 2441 Ambrosiani
561 2401 688 2443 versum
716 2380 889 2444 correctori
916 2377 1026 2443 deberi
1048 2376 1149 2452 tribus
1172 2375 1277 2441 causis
1301 2376 1458 2460 arguitur.

239 2479 372 2566 praebet
388 2480 473 2544 enim
489 2502 601 2544 versus
624 2481 746 2546 exitum
769 2483 880 2559 ,malas
903 2484 1006 2544 famas
1028 2481 1156 2555 ferunt‘,
1179 2477 1307 2562 qualem
1323 2476 1460 2542 Plautus

239 2581 349 2646 sedulo
372 2581 467 2659 vitat;
502 2583 601 2645 malas
630 2605 686 2669 pro
707 2585 872 2648 maledicar
901 2585 977 2668 (hoc
999 2583 1084 2647 enim
1107 2583 1206 2647 latere
1230 2582 1260 2645 in
1284 2580 1461 2655 maledictos

240 2684 361 2748 dudum
395 2699 598 2769 perspectum
628 2688 689 2773 est)
715 2687 807 2751 foede
834 2686 1078 2772 interpolatum,
1107 2685 1192 2748 hosce
1221 2682 1386 2748 subditum
1412 2695 1461 2751 est

239 2811 297 2874 pro
312 2789 439 2852 laeana.
473 2788 506 2851 in
517 2787 676 2852 Palatinis
688 2790 885 2876 archetypus
901 2788 1051 2874 religiose
1063 2809 1236 2873 expressus
1249 2798 1312 2863 est3
1331 2809 1411 2870 qnos
1432 2786 1460 2850 si

239 2889 413 2974 sequimur,
437 2891 542 2954 versui
563 2891 658 2955 facile
682 2891 807 2956 medela
830 2902 1048 2977 comparatur;
1071 2889 1183 2955 turbas
1210 2889 1296 2954 enirn
1319 2888 1459 2957 movisse

241 2992 367 3057 videtur
403 2992 605 3078 interpolatio
641 2994 732 3059 verbi
768 2995 858 3068 milri,
896 2993 983 3078 quod
1020 2993 1053 3056 in
1090 2992 1240 3073 Palatina
1276 2991 1461 3056 recensione

240 3096 379 3179 primum
407 3095 440 3158 in
476 3098 533 3168 nal,
568 3107 636 3159 turn
666 3099 698 3159 in
727 3118 773 3161 me
799 3094 916 3161 abiisse
944 3095 1124 3180 putandum
1153 3107 1210 3159 est.
1264 3117 1330 3179 ‚quo
1358 3093 1461 3159 eiecto

240 3199 359 3283 (neque
392 3197 478 3262 enim
505 3197 582 3262 ferri
615 3210 719 3283 potest
752 3199 866 3276 ‚famas
899 3196 995 3263 alicui
1024 3198 1134 3285 ferre‘)
1168 3219 1279 3261 versus
1305 3195 1346 3261 ab
1373 3196 1462 3261 omni

241 3313 332 3385 parte
357 3301 482 3386 integer
511 3300 629 3364 evadit.
686 3301 884 3366 Ritschelius
906 3322 1054 3386 ‚eumque
1088 3313 1216 3387 secutus
1245 3298 1461 3384 Niemeyerus

241 3426 272 3489 p.
295 3402 337 3466 46
353 3402 562 3468 Ambrosiaui
578 3403 765 3468 memoriam
787 3416 854 3480 ,aut
876 3425 981 3468 errore
997 3414 1053 3468 ant
1069 3426 1085 3468 e
1103 3400 1301 3468 correctione
1318 3401 1461 3478 metrica‘

241 3515 344 3571 ortam
386 3529 455 3572 esse
495 3517 634 3571 censent.
690 3529 802 3572 verum
839 3496 1012 3584 enimvero,
1045 3505 1072 3571 si
1105 3526 1211 3577 errore
1234 3515 1310 3571 ,tam
1343 3525 1462 3588 graves

241 3609 432 3693 mutationes
463 3609 531 3673 sine
555 3609 646 3673 metri
670 3609 860 3677 detrimento
883 3609 967 3674 effici
984 3619 1152 3696 poterant,
1181 3606 1264 3672 inter
1293 3628 1403 3684 casum
1432 3618 1463 3672 et

203 3758 205 3762 ι
241 3710 411 3777 consiliunt
455 3733 609 3795 umquam
652 3734 726 3776 cum
769 3713 908 3797 quadam
955 3709 1203 3797 probabilitate.
1225 3696 1462 3782 confidentiave

242 3812 381 3879 discerni
404 3835 498 3898 posse
520 3814 650 3879 omnino
674 3836 767 3901 nego.
1205 3808 1208 3814 ’

331 3917 412 3981 Tria.
434 3912 497 3980 452

284 4021 331 4085 A:
355 4017 438 4084 Oum
462 4029 594 4083 vestra
617 4030 726 4084 nostra
748 4042 812 4083 non
834 4030 882 4084 est
903 4040 1007 4103 aequa
1028 4016 1127 4081 factio

284 4121 327 4187 P:
350 4120 433 4187 Gom
456 4120 601 4185 vestris
624 4133 733 4187 nostra
754 4143 819 4186 non
842 4130 890 4185 est
912 4141 1015 4204 aequa
1033 4119 1131 4184 factio

328 4223 571 4289 Studemundus
589 4223 622 4287 in
634 4222 717 4288 Mus.
730 4222 835 4287 Rhen.
847 4220 942 4287 XXI
957 4245 988 4307 p.
1001 4221 1063 4286 607
1077 4221 1117 4286 de
1133 4222 1193 4286 hoc
1208 4221 1278 4285 loco
1293 4219 1464 4307 disputans

243 4324 465 4397 Palatinorum
488 4325 680 4409 scripturam
703 4348 770 4389 curn
785 4329 887 4388 catria
904 4323 950 4389 ita
965 4323 1118 4401 defendit,
1141 4335 1175 4388 ut
1192 4334 1247 4388 aut
1262 4323 1330 4402 ,mit
1345 4320 1408 4387 den
1424 4346 1464 4388 zu

243 4426 349 4498 Eurer
364 4427 501 4497 Familie
517 4426 692 4517 gehiirigen
704 4425 923 4514 Mitgliedern⁴
942 4438 996 4493 aut
1012 4426 1292 4495 amianarum
1307 4414 1464 4513 explicem
