3120 5138
849 273 909 347 tto
1015 272 1018 279 ’

266 485 412 572 vestigiis
440 487 510 549 dem
542 497 576 548 at
614 483 821 551 scribendum
856 508 927 552 esse
955 485 1114 564 docuerit,
1155 487 1329 552 correctori
1358 488 1488 552 metrico

268 587 412 654 tribuens
446 586 533 674 quod
572 586 605 650 in
638 586 668 651 P
697 590 768 652 item
800 589 836 652 id
870 612 932 654 non
972 589 1143 659 invenitur.
1203 600 1237 654 at
1269 590 1369 655 miror
1405 588 1487 676 quod

266 688 435 759 Vahlenus
459 689 656 778 anaphoram
686 689 777 755 verbi
800 693 908 773 scium,
939 713 1003 778 qua
1032 691 1179 756 iracundi
1208 701 1240 756 et
1269 692 1417 780 loquacis
1440 693 1488 756 ho

267 793 362 857 minis
384 793 484 858 oratio
507 793 626 880 optime
649 792 845 880 depingitur,
868 802 1059 880 aspernatus
1081 816 1124 859 ex
1146 816 1183 858 eo
1205 795 1313 882 potius
1342 795 1489 860 emenda·

267 895 386 960 tionem
410 896 540 980 petivit,
568 895 654 981 quod
677 895 932 984 interpolationis
955 898 1096 984 speciem
1126 910 1236 985 aperte
1259 919 1339 983 prae
1362 920 1398 962 se
1420 898 1488 963 fert.

267 999 302 1062 id
324 998 409 1062 enim
438 1020 479 1063 ex
512 1020 608 1062 versu
633 999 844 1063 antecedente
877 998 1002 1066 illatum
1030 1021 1183 1065 essenon
1213 1000 1319 1065 minus
1346 1011 1488 1087 apparet,

157 1143 162 1152 ·
267 1123 365 1184 quam
387 1103 458 1164 item
479 1101 655 1186 pessimum
677 1124 746 1166 esse
769 1101 1034 1169 additamentum.

314 1203 396 1267 Tria.
412 1203 494 1268 427·
514 1205 557 1270 A:
580 1202 655 1286 Qua
675 1205 844 1291 sponsione
867 1228 1030 1292 pronuper
1052 1214 1119 1270 tute
1141 1215 1276 1271 exactus
1299 1226 1333 1269 es

513 1305 557 1370 P:
580 1303 654 1388 Qua
675 1308 848 1393 sponsione
870 1330 1033 1395 pronuper
1055 1316 1091 1373 tu
1113 1316 1247 1372 exactus
1270 1329 1316 1371 es.

268 1407 294 1470 si
328 1407 400 1494 quis
432 1410 475 1471 sit
513 1408 569 1496 qui
607 1408 771 1496 Spengelii
814 1409 1071 1474 emendationem
1114 1407 1238 1492 ‚Quam
1285 1409 1488 1496 sponsionem

266 1522 397 1596 propter
419 1518 487 1575 tute
509 1521 643 1576 exactus
667 1517 712 1576 es‘
735 1511 848 1597 probet
862 1523 960 1596 atque
982 1513 1064 1577 adeo
1086 1534 1161 1579 cum
1177 1512 1375 1599 Niemeyero
1400 1533 1435 1596 p.
1450 1509 1487 1574 22

271 1611 355 1677 inP
383 1614 615 1679 correctionem
647 1617 811 1680 metricam
840 1626 974 1694 statuat,
1008 1616 1097 1701 legat
1127 1637 1210 1704 qnae
1240 1614 1398 1680 Goetzius
1421 1614 1486 1679 Jen

268 1714 345 1778 Litt.
368 1715 445 1780 Zea.
473 1716 553 1783 1875
576 1740 607 1803 p.
629 1717 692 1784 567
716 1717 903 1806 disputavit.

315 1818 397 1884 Tria
419 1820 481 1885 361

352 1922 403 1986 A:
424 1920 477 1988 Ne
500 1920 661 2008 exprobra
682 1931 790 2008 pater:
822 1924 907 1988 mala
930 1924 1031 1988 multa
1055 1921 1208 1986 eveniunt
1237 1920 1379 2005 homini,
1410 1943 1488 2005 quae

1075 2023 1151 2101 volt,
1175 2044 1259 2111 quae
1281 2046 1348 2088 non
1370 2025 1450 2089 volt.

267 2129 352 2191 molo
363 2129 515 2195 omittunt
527 2141 623 2213 atque
637 2129 788 2216 opprobra
800 2140 832 2194 et
843 2150 920 2214 quoe
933 2128 1028 2191 nmolt
1038 2126 1193 2191 exhibent
1204 2126 1248 2210 P;
1260 2126 1301 2191 cf.
1309 2151 1341 2214 p.
1350 2127 1403 2192 25.
1418 2127 1488 2193 Nie-

269 2252 419 2317 meyerus
441 2231 621 2320 Bergkium
643 2243 771 2298 secutus
794 2232 881 2298 hunc
903 2253 1031 2296 versum
1054 2241 1147 2294 caute
1170 2252 1247 2295 sane
1270 2230 1487 2296 commendat:

356 2333 410 2400 Ne
426 2335 586 2421 exprobra
601 2344 705 2423 pater:
731 2335 816 2400 mala
831 2335 932 2402 multa
955 2335 1110 2399 eveniunt
1125 2333 1247 2398 homini
1270 2354 1354 2420 quae
1370 2333 1488 2400 nevolt

269 2446 302 2501 at
329 2439 503 2522 sententia,
537 2460 621 2523 quae
649 2439 696 2503 sic
731 2437 857 2515 evadit,
890 2438 1035 2523 profecto
1064 2458 1167 2523 neque
1202 2436 1313 2501 sollers
1348 2446 1400 2501 est
1435 2457 1490 2502 nec

268 2539 386 2608 Plauto
415 2541 523 2629 digna.
567 2543 652 2606 mala
679 2563 721 2606 ex
747 2549 861 2626 aperto
889 2541 1081 2627 glossemate
1109 2551 1230 2618 ortum,
1258 2550 1294 2605 ut
1319 2542 1406 2605 Pera.
1431 2541 1489 2608 386

268 2645 356 2725 foma
381 2640 430 2723 A,
463 2647 547 2709 molo
574 2646 668 2733 foma
694 2645 738 2722 P;
771 2645 863 2712 Poen.
891 2643 954 2709 882
989 2642 1088 2726 ‚Quid
1124 2664 1201 2729 ergo
1234 2641 1378 2721 dubitas,
1416 2644 1489 2732 quin

267 2745 414 2813 lubenter
436 2760 491 2813 tuo
512 2770 566 2813 ero
589 2771 693 2825 meus,
729 2747 815 2834 quod
847 2747 967 2832 possiet
992 2745 1130 2823 Facere,
1164 2745 1263 2810 faciat
1290 2746 1385 2811 male‘
1407 2747 1488 2823 AP;

267 2850 347 2914 mole
367 2872 429 2916 om.
447 2849 615 2936 Goetzius3
640 2853 679 2916 cf.
703 2850 742 2914 de
764 2850 849 2914 Tmo.
865 2848 938 2913 306.
962 2849 1025 2913 312
1049 2847 1200 2914 Schoellii
1219 2851 1321 2937 praef.
1340 2872 1371 2935 p.
1387 2849 1489 2915 XIX.

316 2954 396 3021 Trina
420 2955 483 3022 502
504 2954 546 3022 P:
569 2953 657 3038 Quin
678 2952 841 3019 fabulare:
866 2953 912 3031 ,di
934 2951 1015 3019 bene
1036 2960 1161 3017 vortat:
1183 2951 1360 3037 spondeo‘?

503 3058 551 3122 A:
576 3056 663 3140 Quin
683 3057 844 3123 fabulare:
868 3057 933 3135 ,vin
958 3055 1038 3120 bene
1061 3064 1181 3119 vortat:
1204 3055 1380 3141 spondeo‘?

268 3158 356 3247 quod
384 3159 431 3224 sic
459 3159 702 3226 Studemundus
729 3162 809 3229 Mna.
832 3161 930 3224 Rbcn.
957 3157 1053 3224 XXI
1080 3181 1111 3244 p.
1140 3156 1204 3224 609
1230 3157 1356 3224 scribit:
1391 3157 1489 3243 ,Quin

267 3260 430 3329 fabulare:
471 3262 559 3341 ,vin‘l
588 3262 670 3328 bene
705 3264 826 3329 vortat!
862 3260 1032 3349 spondeol‘
1068 3259 1226 3324 Weshalb
1260 3261 1402 3346 spriehst
1435 3262 1487 3327 Du

268 3364 370 3431 nicht:
395 3366 517 3446 ,Willst
538 3366 595 3434 Du
619 3367 665 3432 sie
682 3367 854 3432 wirklich?
877 3365 1020 3431 Wohlan
1036 3365 1133 3442 deun,
1157 3387 1190 3429 es
1208 3365 1273 3442 sei‘‚
1299 3365 1387 3453 quod
1411 3367 1487 3432 mihi

269 3488 334 3533 non
360 3471 520 3555 persuasit
551 3472 601 3536 vir
624 3471 837 3536 doctissimus.
882 3470 926 3548 ‚di
954 3469 1034 3535 bene
1065 3477 1182 3534 vortat‘
1209 3468 1244 3532 in
1270 3468 1347 3536 ΑΡ
1377 3470 1489 3536 eodem

268 3591 375 3636 errore
397 3573 550 3659 scriptum
573 3584 631 3653 est,
654 3596 718 3662 quo
734 3576 797 3641 573
820 3575 854 3638 in
869 3573 907 3640 B.
928 3575 988 3650 oin,
1012 3570 1146 3658 quodA
1169 3570 1311 3656 praebet7
1336 3584 1386 3638 est
1403 3595 1490 3638 mera

271 3673 492 3764 dittograpbia
525 3699 568 3742 ex
601 3677 807 3743 antecedenti
841 3679 914 3763 quin
947 3676 1071 3763 nata.1)
1121 3674 1256 3742 aliorum
1287 3676 1490 3745 coniecturas

268 3801 355 3845 nunc
375 3801 438 3845 non
462 3803 548 3849 curo.

316 3883 397 3949 [llio.
420 3884 491 3952 848.
534 3883 634 3969 ‚Quin
663 3906 723 3972 ego
752 3905 839 3948 nunc
865 3881 997 3969 subigor
1024 3880 1121 3946 trium
1145 3904 1351 3948 nummorum
1382 3903 1491 3961 causa,

269 3995 306 4052 ut
328 3985 425 4052 hasce
458 3987 612 4074 epistulas
635 3986 752 4052 Dicam
782 3986 823 4052 ab
853 4008 891 4051 eo
916 3984 1045 4050 homine
1074 4006 1125 4048 me
1147 3985 1332 4070 accepisse‘.
1379 4007 1492 4051 versus

269 4089 447 4156 restituitur
473 4102 604 4176 recepto
631 4092 782 4176 genetivo
804 4113 969 4154 nummum.
1024 4087 1058 4150 in
1088 4087 1114 4151 P
1137 4088 1223 4176 quod
1250 4089 1305 4174 qni
1333 4089 1492 4175 scriptum

356 4349 377 4415 ¹)
395 4347 471 4402 Olim
488 4347 611 4419 cogitavi
633 4345 668 4400 de
686 4345 769 4414 ,,ΡΗ.
789 4343 862 4414 Quin
880 4342 1006 4398 fabulare
1024 4373 1057 4380 -
1087 4343 1140 4399 ST.
1157 4343 1207 4399 vin'
1228 4343 1363 4413 (fabulari
1380 4345 1436 4399 aius
1454 4345 1496 4400 di·

149 4485 152 4491 .
269 4432 355 4502 cere):
382 4434 461 4499 ,bene
479 4436 585 4488 vomat:
613 4429 789 4502 spondeo‘?“.
823 4429 871 4484 sed
889 4445 924 4483 ne
949 4426 980 4482 id
1003 4429 1116 4497 quidem
1146 4427 1324 4498 simplicitati
1353 4429 1495 4487 sermonis

269 4514 395 4573 Plautini
413 4522 509 4588 aptum
527 4517 598 4571 mihi
616 4517 735 4572 videtur.
