3120 5138
851 327 892 403 82

767 426 968 436 -ψ

303 528 396 605 aeae.
419 531 482 605 699

890 641 1038 726 potiusne
1060 641 1095 706 in
1118 642 1278 708 subselliis

340 742 391 807 A:
414 743 538 828 Cynica
562 741 615 808 hic
637 743 814 830 accipimur
836 766 934 828 quam
956 743 990 808 in
1011 744 1158 811 lecticis?
1173 747 1181 831 lt
1201 745 1303 810 immo
1325 748 1415 811 enim
1438 749 1484 810 ni·

489 921 491 927 ¹
971 847 1071 912 mium
1094 846 1147 911 hic
1170 847 1296 913 dulcius

340 948 386 1013 P:
409 947 534 1034 Cynice
549 948 726 1036 accipimur
742 971 841 1034 quam
855 949 888 1012 in
904 948 1049 1016 lecticis?
1065 951 1073 1037 l
1088 951 1185 1014 immo
1203 952 1287 1016 enim
1303 951 1357 1017 hic
1376 953 1483 1040 magis

968 1062 1018 1116 est
1039 1053 1175 1120 dulcius.

256 1155 377 1229 lecticis,
406 1153 492 1238 quod
525 1154 556 1216 in
585 1151 794 1218 Ambrosiani
822 1164 854 1219 et
881 1153 1107 1220 Palatincrum
1129 1177 1331 1222 communem
1353 1157 1481 1222 fontem

253 1258 320 1331 iam
345 1258 537 1343 irrepserat,
564 1256 643 1330 Pius
671 1257 854 1328 emendavit
883 1258 915 1325 in
940 1259 1029 1322 tecta.
1057 1258 1154 1322 aliam
1183 1259 1367 1345 corrigendi
1391 1260 1480 1325 viam

254 1374 366 1426 auctor
394 1359 589 1425 recensionis
616 1359 785 1424 Palatinae
809 1360 972 1447 ingressus
996 1371 1059 1438 est;
1089 1361 1207 1425 delevit
1231 1362 1318 1425 enim
1341 1363 1390 1426 iric
1414 1385 1480 1427 non

254 1464 517 1549 circumspiciens
544 1485 654 1527 veram
683 1462 794 1527 sedem
816 1464 1027 1548 corruptelae.
1057 1463 1154 1528 etiam
1176 1465 1333 1530 audacius
1356 1467 1392 1529 in
1414 1465 1479 1530 fine

254 1589 368 1638 versus
390 1589 449 1638 sua
471 1564 570 1632 verba
592 1564 753 1631 Plautinis
776 1564 922 1632 subiecit.

240 1715 241 1718 η
295 1670 407 1733 Pseud.
430 1668 493 1734 383

337 1774 382 1841 A:
404 1770 502 1841 Nunc
514 1770 674 1837 Caludore
690 1769 722 1834 td
733 1770 811 1835 mibi
825 1792 956 1854 operam
967 1769 1044 1835 dare
1057 1772 1138 1836 volo.
1152 1773 1161 1859 l]
1176 1772 1293 1856 ecquid
1309 1773 1479 1860 imperas?

337 1875 379 1940 P:
392 1872 936 1958 SeduuncCaludoredperammibi
947 1886 978 1938 te
988 1873 1062 1938 volo
1081 1873 1302 1961 darellecquid
1311 1875 1479 1960 imperas?

253 1977 474 2047 Palatinoru'm
505 1999 615 2041 versus
643 1977 905 2045 retractationem
933 1975 1042 2061 arguit
1068 1997 1274 2041 numerorum
1302 1979 1478 2062 asperitas,

235 2088 449 2165 'quamquam
477 2103 516 2151 ue
540 2102 578 2144 ea
600 2078 731 2163 quidem
753 2100 773 2141 a
794 2077 913 2144 Plauto
935 2078 1042 2143 aliena
1068 2089 1130 2156 est;
1161 2080 1200 2143 cf.
1224 2101 1254 2141 v.
1277 2077 1356 2143 393:
1373 2119 1376 2123 ν
1392 2079 1480 2157 ,Iam

250 2183 304 2249 hic
318 2174 526 2251 faxo‘aderit.
541 2182 549 2269 l
565 2181 656 2267 pdtin
671 2193 707 2248 ut
723 2182 843 2249 abeas?
865 2181 925 2247 tibi
939 2204 1062 2247 moram
1078 2181 1172 2246 dictls
1196 2190 1308 2246 creas‘
1334 2183 1477 2265 accedit,

251 2287 338 2374 quod
360 2309 425 2371 qua
448 2286 488 2353 dc
510 2308 608 2351 causa
630 2287 683 2351 sed
704 2308 722 2349 a
746 2294 926 2350 correctore
950 2285 1090 2350 deletum
1114 2285 1172 2360 sit,
1196 2305 1258 2346 non
1280 2283 1375 2349 facile
1401 2285 1479 2369 quis

251 2389 407 2474 explicet,
439 2411 496 2453 cur
518 2386 760 2472 interpolatum,
788 2387 822 2452 in
845 2388 1015 2475 propatulo
1038 2398 1101 2465 est,
1136 2387 1267 2473 quaudo
1287 2385 1478 2454 Pseudulus

135 2479 138 2485 ¹
250 2490 438 2562 aconviciis
456 2489 594 2560 Ballioni
608 2489 703 2559 factis
726 2490 768 2554 ad
790 2490 889 2558 aliam
910 2513 978 2555 rem
1001 2491 1145 2554 animum
1170 2498 1311 2554 revocat.
1335 2499 1371 2555 ut
1387 2489 1477 2558 hanc

250 2594 397 2662 voculam
425 2604 584 2671 servaret,
618 2603 779 2658 corrector
805 2615 931 2659 summa
958 2592 1089 2658 licentia
1118 2591 1265 2657 ordinem
1298 2591 1478 2660 verborum

249 2698 400 2776 mutavit3
421 2698 463 2766 cf.
484 2694 702 2781 Niemeyerus
724 2716 757 2780 p.
783 2694 833 2760 14.

274 2801 412 2865 Pseud„
425 2799 489 2867 432

333 2905 382 2968 A:
406 2903 487 2970 Fors
509 2905 579 2967 fuat
601 2924 642 2966 an
664 2901 765 2966 istaec
787 2899 960 2966 dictasint
982 2902 1160 2968 mendacia.

333 3005 377 3070 P:
396 3005 547 3071 Forsitan
571 3026 610 3069 ea
632 3004 691 3068 tibi
715 3003 887 3068 dictasint
910 3003 1089 3070 mendacia.

248 3109 403 3175 correctio
432 3108 567 3173 metrica
594 3108 628 3172 in
649 3107 678 3172 P
700 3107 798 3173 statui
819 3106 945 3191 nequit,
974 3108 1037 3171 nisi
1059 3109 1194 3196 forsitan
1215 3107 1258 3172 ad
1280 3108 1344 3187 fors
1365 3110 1404 3173 at
1429 3134 1473 3174 cc

249 3210 353 3275 redire
381 3220 543 3295 putamus.
571 3208 629 3275 scd
651 3211 840 3275 correctoris
869 3209 1036 3274 consilium
1065 3211 1207 3295 produnt
1234 3209 1333 3275 verba
1356 3234 1392 3275 ee
1415 3214 1477 3278 tibi

176 3359 177 3362 κ
247 3313 293 3377 ita
307 3313 409 3391 illata,
426 3325 460 3383 ut
473 3315 616 3398 primurn
631 3315 687 3378 tibi
701 3313 959 3402 interpolaretur,
975 3312 1070 3390 unde,
1086 3336 1127 3377 ne
1143 3325 1282 3378 metrum
1294 3326 1474 3393 corrueret,

247 3415 447 3480 consectaria
468 3415 529 3481 fuir
550 3415 685 3482 mutatio
706 3415 799 3481 uerbi
819 3418 910 3480 istaec
932 3415 966 3478 in
988 3437 1039 3492 ec3
1064 3417 1104 3480 cf.
1129 3413 1340 3500 Niemeyerus
1363 3439 1396 3502 p.
1420 3418 1474 3483 16.

288 3519 400 3583 Pseud,
423 3517 485 3582 737

296 3662 299 3685 .
330 3621 380 3686 Ae
413 3620 477 3687 Sed
507 3621 567 3686 iste
595 3643 706 3689 servos
733 3644 773 3687 ex
802 3620 939 3706 Carysto
973 3621 1038 3705 qui
1072 3619 1136 3684 bic
1170 3618 1289 3684 adest
1319 3622 1476 3705 ecquid

1060 3723 1186 3807 sapit?

329 3825 373 3894 P:
406 3827 472 3894 ned
500 3828 554 3893 isti
582 3848 691 3892 servos
726 3851 766 3892 ex
801 3825 941 3911 Carysto
972 3825 1038 3889 bic
1072 3824 1138 3910 qui
1172 3825 1335 3890 advenit
1368 3827 1475 3911 quid

262 3990 264 3995 .
1061 3927 1190 4014 sapit?

245 4035 365 4100 adeam
392 4032 526 4099 verbum
558 4056 599 4098 ex
629 4056 659 4098 v.
684 4032 746 4098 730
773 4030 1001 4118 interpolatum
1027 4052 1101 4096 cum
1129 4053 1259 4095 versum
1285 4030 1473 4112 invasisset,

247 4146 407 4202 corrector
429 4135 524 4199 matri
546 4135 652 4222 gratia
668 4135 756 4200 vocis
779 4135 885 4222 ecquid
899 4133 1038 4218 priorem
1061 4132 1220 4219 syllabam
1243 4132 1390 4200 resecuit.
1414 4158 1472 4202 vo·

247 4239 320 4304 cula
340 4238 398 4312 laic,
422 4258 495 4301 cum
514 4237 660 4302 recensio
679 4236 779 4314 fieret,
802 4236 908 4301 locum
930 4247 1005 4300 ante
1020 4238 1140 4301 adiecit
1154 4235 1329 4314 obtinebat,
1352 4249 1473 4322 postea

244 4349 352 4405 autem
367 4359 475 4405 errore
493 4347 567 4404 ante
583 4340 636 4424 qui
657 4338 852 4426 transposita
876 4361 945 4404 esse
969 4339 1113 4424 putanda
1135 4350 1192 4407 est.
1222 4362 1297 4403 nam
1320 4340 1347 4402 si
1370 4357 1472 4409 antea

242 4441 310 4506 iam
323 4441 428 4507 locum
445 4452 611 4520 mutasset,
625 4441 714 4507 nulla
731 4441 908 4506 mutatione
923 4443 1011 4506 facta
1027 4441 1079 4506 hic
1103 4465 1214 4507 versus
1236 4442 1302 4528 legi
1325 4453 1471 4530 poterat:

242 4543 321 4624 ‚de
342 4545 449 4632 isti[c]
475 4567 584 4610 servos
608 4567 650 4609 ex
673 4543 814 4630 Carysto
833 4544 890 4608 bic
909 4544 965 4628 qui
986 4545 1118 4609 tdsenit
1140 4544 1261 4628 ecquid
1278 4544 1397 4632 sapiti‘
