3136 5146
835 309 877 377 74

246 509 329 576 telae
363 534 442 576 ansa
470 512 642 600 perspicua
671 523 727 580 est.
779 517 868 583 velut
891 520 959 586 Mil.
981 521 1056 605 plor.
1089 519 1165 598 182,
1194 520 1249 586 ubi
1285 519 1375 598 ,idbe
1407 521 1465 590 hirc

246 615 392 680 transire‘
425 615 468 693 A,
504 615 589 693 ,iube
626 617 761 682 transire
795 619 869 684 huc‘
901 621 931 685 P
965 621 1132 701 exhibent,
1166 623 1350 711 elegantiae
1386 637 1466 692 certe

246 717 362 783 melius
389 719 582 796 consulitur,
615 719 641 783 si
675 740 749 783 oum
775 719 959 787 Ribbeokio
992 723 1158 791 Palatinos
1185 726 1375 812 probamus.
1421 729 1469 794 sin

246 844 323 888 vero
352 824 385 887 in
408 822 437 886 P
459 821 616 888 correctio
639 823 810 887 statuenda
833 835 895 902 est,
926 826 1005 909 qnid
1030 825 1262 914 Niemeyerum
1282 829 1487 917 impedivit,

246 925 417 1014 quominus
453 925 588 991 eandem
624 934 781 991 statueret
815 929 897 992 Men.
921 929 1001 1007 265,
1033 929 1090 995 ubi
1117 929 1146 994 P
1173 929 1346 1007 ‚cddodum
1370 933 1460 998 mila
1487 937 1511 1000 ἱ

246 1029 322 1095 huc
343 1028 589 1115 marsuppium,
614 1029 829 1106 A,cedodum
853 1031 928 1098 huc
951 1033 1048 1099 mlhi
1070 1033 1306 1121 marsuppium‘
1327 1034 1519 1104 habent-‘l

331 1151 442 1214 Pseud.
466 1148 529 1215 330

288 1254 333 1318 A:
355 1252 511 1339 Propera.
535 1252 613 1340 quid
636 1251 723 1316 stas?
747 1250 776 1315 ei
798 1251 928 1315 “decenae
952 1275 1053 1337 agnos

286 1356 333 1421 P:
356 1355 511 1443 Propera.
534 1355 612 1440 quid
634 1354 723 1419 stas?
745 1354 874 1418 dccerse
898 1376 1008 1441 agnos.

330 1475 488 1563 Ignorare
511 1497 572 1540 non
597 1474 702 1562 potuit
730 1473 951 1559 Niemeyerus‚
981 1498 1080 1560 quam
1111 1499 1207 1564 saepe
1238 1478 1309 1565 ipse
1338 1479 1396 1546 hic
1418 1480 1541 1545 ἰι-ῖι

126 1598 128 1604 ·
246 1578 411 1668 perativus
433 1582 447 1643 i
473 1579 524 1643 vel
552 1578 634 1643 siin
662 1576 827 1661 codicibus
855 1578 1053 1644 interciderit
1062 1581 1099 1667 ¹),
1129 1580 1163 1644 id
1192 1581 1278 1665 quod
1308 1569 1375 1647 hle
1403 1583 1540 1648 lomo

245 1681 397 1747 facillime
413 1691 596 1761 excusatur,
619 1681 706 1766 quod
729 1705 749 1744 a
766 1680 920 1765 sequitur.
965 1680 1083 1768 pusilla
1106 1693 1153 1747 est
1169 1683 1266 1749 etiam
1289 1684 1539 1752 differentzia

245 1784 328 1849 inter
351 1785 433 1850 clem
455 1793 487 1850 et
509 1785 576 1849 lem
603 1783 639 1848 in
662 1806 691 1847 v.
716 1784 785 1851 Mil.
807 1784 883 1870 plor.
907 1784 965 1862 36,
996 1806 1093 1869 quam
1121 1785 1155 1849 in
1184 1785 1399 1853 Ambrosiani
1423 1788 1536 1855 l-o·

245 1909 355 1953 norem
383 1888 519 1974 profert,
551 1909 748 1974 quamquam
776 1887 828 1951 vel
856 1887 900 1964 is,
931 1887 985 1972 qui
1015 1887 1111 1952 crisin
1135 1887 1324 1955 Plautinam
1355 1892 1534 1958 solu-n-

247 1989 342 2055 modo
365 1989 480 2075 attigit,
504 2013 602 2077 quam
626 2012 723 2076 saepe
746 1990 777 2053 in
803 1989 1078 2056 interiectionibus
1100 1990 1323 2059 describendis
1346 1991 1447 2059 libra.
1477 1997 1530 2062 m'i

246 2091 466 2182 peccaverint,
501 2115 564 2158 non
593 2103 699 2178 potest
728 2115 791 2156 non
826 2093 1091 2159 animadvertere.
1142 2115 1246 2179 neque
1274 2094 1350 2180 plus
1388 2097 1527 2165 va]et

251 2196 332 2261 Trio.
356 2196 430 2274 200,
460 2195 516 2261 ubi
539 2218 628 2260 mera
656 2194 903 2280 interpolatione
931 2195 964 2259 in
987 2197 1021 2262 A
1049 2198 1126 2261 odeo
1156 2206 1266 2264 natum
1296 2218 1370 2263 esse
1394 2199 1522 2268 mili

246 2299 383 2366 videtur
428 2321 468 2364 ne
492 2298 564 2388 quis
587 2300 636 2364 aff
633 2307 702 2363 erat
689 2297 761 2362 tsi
761 2298 817 2361 iola
841 2297 904 2364 598

288 2402 339 2469 A:
360 2402 494 2469 iubent
481 2413 516 2467 tu
534 2387 620 2468 ddmi
643 2423 756 2467 cenam
779 2400 875 2518 coqui

289 2505 332 2571 Ρ.
354 2504 453 2571 idben
475 2505 562 2570 doml
584 2527 697 2571 cenam
720 2503 816 2589 coqui

248 2609 304 2674 vix
328 2607 506 2673 verendum
529 2621 586 2673 est.
630 2630 704 2672 nam
727 2606 846 2671 mirum
869 2616 962 2684 esset,
985 2606 1068 2670 siin
1090 2628 1155 2673 uno
1171 2604 1351 2712 eodemque
1375 2629 1491 2676 verso

248 2723 410 2778 corrector
442 2711 639 2776 haesisset
631 2734 663 2774 ιιι
686 2714 785 2789 domi,
815 2710 974 2796 patienter
996 2710 1231 2777 verotulisset
1255 2713 1345 2777 iuben
1379 2713 1480 2776 dorni

246 2825 332 2881 recte
366 2837 407 2879 au
409 2824 473 2879 tem
509 2813 663 2881 Goetzius
697 2836 768 2879 eam
809 2836 921 2880 vocem
954 2813 1111 2880 delevisse
1141 2813 1229 2879 videt
1217 2826 1278 2882 ιιι
1327 2825 1472 2881 ceterum

246 2918 310 2986 huo
332 2916 471 3005 pertinet
493 2915 589 2981 etiam
617 2915 702 2980 Τιιιι.
726 2915 798 2984 287.

246 3223 441 3290 Ritsohelius
464 3223 496 3287 in
519 3225 631 3289 Pseud.
654 3248 683 3290 v.
708 3223 770 3289 223
793 3223 826 3287 in
849 3226 879 3287 A
901 3222 994 3308 legit:

332 3325 582 3413 Reprehendam
605 3349 666 3413 ego
688 3327 711 3390 h
723 3373 878 3395 ........
895 3335 1012 3392 cuncta
1035 3347 1101 3391 una
1122 3346 1221 3411 opera
1243 3324 1352 3393 nisi..
1373 3321 1454 3393 hodio

854 3427 1064 3495 haecomnia

450 3531 547 3597 Facis
570 3532 622 3597 .ff
634 3586 640 3602 ‚
657 3582 664 3597 .
683 3556 726 3597 .a
750 3555 834 3617 quae
857 3533 985 3617 loqo0r3

247 3633 433 3723 Geppertus
467 3645 576 3703 autem
610 3636 702 3723 (stad.
730 3634 768 3701 H
796 3658 826 3721 p.
855 3634 925 3723 63):
966 3632 1227 3720 ,Reprehendam
1265 3631 1376 3699 hercle
1408 3650 1456 3718 ego

245 3748 363 3804 cuncta
391 3761 456 3804 una
483 3761 582 3826 opera
617 3739 678 3804 nisi
707 3739 837 3828 quidem
866 3737 961 3804 hodie
989 3737 1069 3803 haec
1097 3735 1204 3802 omnia
1226 3734 1326 3802 Facis
1353 3735 1456 3803 effecta

247 3862 330 3927 quae
353 3839 489 3926 loquor.‘
555 3867 557 3873 ¹

287 3960 333 4026 B:
355 3960 604 4050 Reprehendam
627 3985 687 4050 ego
709 3972 825 4032 cuncta
847 3961 954 4027 hercle
978 3982 1043 4026 una
1064 3981 1163 4047 opera
1185 3959 1248 4025 nisi

354 4062 494 4149 Quidem
516 4065 611 4131 hodie
633 4077 669 4133 tu
692 4066 799 4132 omnia
820 4064 902 4130 facis
930 4064 1105 4129 scelesta
1134 4062 1232 4127 haec
1253 4072 1295 4129 ut
1317 4060 1456 4147 loquor.

246 4169 467 4237 recensionem
488 4170 522 4235 in
543 4169 573 4234 P
594 4171 713 4235 factam
744 4190 813 4234 esse
843 4178 909 4232 tam
938 4165 1143 4232 manifestum
1167 4176 1229 4242 est,
1258 4173 1297 4232 ut
1325 4163 1456 4253 longiore

247 4271 450 4338 enarratione
472 4272 680 4357 supersedere
703 4271 832 4357 possim.

334 4549 354 4618 ¹)
371 4544 510 4617 Exempla
525 4547 637 4615 praesto
657 4547 722 4599 sunt
741 4544 799 4600 Cos.
817 4541 844 4597 V
863 4544 888 4608 4,
906 4543 931 4599 8.
950 4542 1030 4598 Poen.
1051 4541 1124 4602 1009.
1142 4541 1240 4597 Paua
1259 4541 1319 4598 385.
1331 4541 1388 4598 800.
