<?xml version="1.0" encoding="UTF-8"?>
<!DOCTYPE html PUBLIC "-//W3C//DTD XHTML 1.0 Transitional//EN"
    "http://www.w3.org/TR/xhtml1/DTD/xhtml1-transitional.dtd">
<html xmlns="http://www.w3.org/1999/xhtml" xml:lang="en" lang="en">
 <head>
  <title>
</title>
<meta http-equiv="Content-Type" content="text/html;charset=utf-8" />
  <meta name='ocr-system' content='tesseract 3.04.00' />
  <meta name='ocr-capabilities' content='ocr_page ocr_carea ocr_par ocr_line ocrx_word'/>
</head>
<body>
  <div class='ocr_page' id='page_1' title='image "./deplautifabular00baiegoog_0089.png"; bbox 0 0 3136 5146; ppageno 0'>
   <div class='ocr_carea' id='block_1_1' title="bbox 700 272 902 372">
    <p class='ocr_par' dir='ltr' id='par_1_1' title="bbox 700 272 902 372">
     <span class='ocr_line' id='line_1_1' title="bbox 700 272 902 372; baseline 0 -36"><span class='ocrx_word' id='word_1_1' title='bbox 700 272 902 372; x_wconf 39' lang='grc'><strong>*1-1-</strong></span> 
     </span>
    </p>
   </div>
   <div class='ocr_carea' id='block_1_2' title="bbox 124 475 1435 4263">
    <p class='ocr_par' dir='ltr' id='par_1_2' title="bbox 188 475 1416 666">
     <span class='ocr_line' id='line_1_2' title="bbox 188 475 1416 566; baseline 0.002 -23"><span class='ocrx_word' id='word_1_2' title='bbox 188 501 207 543; x_wconf 92' lang='lat' dir='ltr'>a</span> <span class='ocrx_word' id='word_1_3' title='bbox 230 499 295 565; x_wconf 87' lang='lat' dir='ltr'>qua</span> <span class='ocrx_word' id='word_1_4' title='bbox 323 477 462 543; x_wconf 88' lang='lat' dir='ltr'>lectione</span> <span class='ocrx_word' id='word_1_5' title='bbox 494 498 553 543; x_wconf 89' lang='lat' dir='ltr'>cur</span> <span class='ocrx_word' id='word_1_6' title='bbox 581 476 774 564; x_wconf 87' lang='lat' dir='ltr'>Spengelius</span> <span class='ocrx_word' id='word_1_7' title='bbox 803 476 1073 564; x_wconf 77' lang='lat' dir='ltr'>(Resormcorecltl.</span> <span class='ocrx_word' id='word_1_8' title='bbox 1103 499 1135 562; x_wconf 88' lang='lat' dir='ltr'>p.</span> <span class='ocrx_word' id='word_1_9' title='bbox 1164 475 1238 545; x_wconf 80' lang='lat'><strong>246.</strong></span> <span class='ocrx_word' id='word_1_10' title='bbox 1263 477 1343 566; x_wconf 84' lang='grc'>389)</span> <span class='ocrx_word' id='word_1_11' title='bbox 1371 501 1416 545; x_wconf 90' lang='grc'>11-</span> 
     </span>
     <span class='ocr_line' id='line_1_3' title="bbox 188 578 1106 666; baseline -0.002 -23"><span class='ocrx_word' id='word_1_12' title='bbox 188 579 320 643; x_wconf 88' lang='lat' dir='ltr'>cesserit</span> <span class='ocrx_word' id='word_1_13' title='bbox 340 601 471 643; x_wconf 87' lang='lat' dir='ltr'>versum</span> <span class='ocrx_word' id='word_1_14' title='bbox 494 578 630 643; x_wconf 87' lang='lat' dir='ltr'>alterum</span> <span class='ocrx_word' id='word_1_15' title='bbox 653 578 838 644; x_wconf 89' lang='lat' dir='ltr'>coniectura</span> <span class='ocrx_word' id='word_1_16' title='bbox 859 579 906 644; x_wconf 90' lang='lat' dir='ltr'>sic</span> <span class='ocrx_word' id='word_1_17' title='bbox 928 589 1106 666; x_wconf 87' lang='lat' dir='ltr'>temptans:</span> 
     </span>
    </p>

    <p class='ocr_par' dir='ltr' id='par_1_3' title="bbox 182 680 1435 2102">
     <span class='ocr_line' id='line_1_4' title="bbox 228 680 1409 770; baseline 0.002 -24"><span class='ocrx_word' id='word_1_18' title='bbox 228 680 319 747; x_wconf 90' lang='lat' dir='ltr'>Bene</span> <span class='ocrx_word' id='word_1_19' title='bbox 343 681 438 746; x_wconf 87' lang='lat' dir='ltr'>dictis</span> <span class='ocrx_word' id='word_1_20' title='bbox 460 681 524 746; x_wconf 90' lang='lat' dir='ltr'>tuis</span> <span class='ocrx_word' id='word_1_21' title='bbox 547 680 580 745; x_wconf 91' lang='lat' dir='ltr'>in</span> <span class='ocrx_word' id='word_1_22' title='bbox 603 680 778 745; x_wconf 75' lang='lat' dir='ltr'>benefactis</span> <span class='ocrx_word' id='word_1_23' title='bbox 801 682 896 744; x_wconf 79' lang='lat' dir='ltr'>aures</span> <span class='ocrx_word' id='word_1_24' title='bbox 919 702 1009 744; x_wconf 91' lang='lat' dir='ltr'>meae</span> <span class='ocrx_word' id='word_1_25' title='bbox 1031 680 1191 747; x_wconf 87' lang='lat' dir='ltr'>auxilium</span> <span class='ocrx_word' id='word_1_26' title='bbox 1215 681 1409 770; x_wconf 82' lang='lat' dir='ltr'>exposcunt,</span> 
     </span>
     <span class='ocr_line' id='line_1_5' title="bbox 188 781 1413 870; baseline 0 -21"><span class='ocrx_word' id='word_1_27' title='bbox 188 782 355 849; x_wconf 90' lang='lat' dir='ltr'>Abraham</span> <span class='ocrx_word' id='word_1_28' title='bbox 378 783 400 852; x_wconf 88' lang='lat' dir='ltr'>l.</span> <span class='ocrx_word' id='word_1_29' title='bbox 422 805 450 852; x_wconf 89' lang='lat' dir='ltr'>c.</span> <span class='ocrx_word' id='word_1_30' title='bbox 472 806 504 869; x_wconf 88' lang='lat' dir='ltr'>p.</span> <span class='ocrx_word' id='word_1_31' title='bbox 529 784 590 847; x_wconf 77' lang='lat'>195</span> <span class='ocrx_word' id='word_1_32' title='bbox 612 805 647 847; x_wconf 91' lang='lat' dir='ltr'>se</span> <span class='ocrx_word' id='word_1_33' title='bbox 668 783 855 870; x_wconf 81' lang='lat' dir='ltr'>intellegere</span> <span class='ocrx_word' id='word_1_34' title='bbox 877 795 989 870; x_wconf 80' lang='lat' dir='ltr'>negut3</span> <span class='ocrx_word' id='word_1_35' title='bbox 1014 782 1072 847; x_wconf 90' lang='lat' dir='ltr'>sed</span> <span class='ocrx_word' id='word_1_36' title='bbox 1094 781 1228 848; x_wconf 81' lang='lat' dir='ltr'>offendit</span> <span class='ocrx_word' id='word_1_37' title='bbox 1251 783 1362 863; x_wconf 90' lang='lat' dir='ltr'>illum,</span> <span class='ocrx_word' id='word_1_38' title='bbox 1385 786 1413 849; x_wconf 93' lang='lat' dir='ltr'>ni</span> 
     </span>
     <span class='ocr_line' id='line_1_6' title="bbox 186 883 1411 968; baseline 0.002 -17"><span class='ocrx_word' id='word_1_39' title='bbox 186 885 296 963; x_wconf 74' lang='lat' dir='ltr'>fallor,</span> <span class='ocrx_word' id='word_1_40' title='bbox 325 884 412 968; x_wconf 90' lang='lat' dir='ltr'>quod</span> <span class='ocrx_word' id='word_1_41' title='bbox 435 884 614 950; x_wconf 86' lang='lat' dir='ltr'>sententiae</span> <span class='ocrx_word' id='word_1_42' title='bbox 643 883 793 949; x_wconf 92' lang='lat' dir='ltr'>ultimum</span> <span class='ocrx_word' id='word_1_43' title='bbox 816 883 950 950; x_wconf 86' lang='lat' dir='ltr'>verbum</span> <span class='ocrx_word' id='word_1_44' title='bbox 978 887 1060 949; x_wconf 77' lang='grc'><strong>11111</strong></span> <span class='ocrx_word' id='word_1_45' title='bbox 1082 884 1173 950; x_wconf 91' lang='lat' dir='ltr'>initio</span> <span class='ocrx_word' id='word_1_46' title='bbox 1201 886 1280 951; x_wconf 90' lang='lat' dir='ltr'>novi</span> <span class='ocrx_word' id='word_1_47' title='bbox 1303 908 1411 953; x_wconf 89' lang='lat' dir='ltr'>versus</span> 
     </span>
     <span class='ocr_line' id='line_1_7' title="bbox 187 985 1412 1076; baseline 0.002 -23"><span class='ocrx_word' id='word_1_48' title='bbox 187 988 328 1074; x_wconf 89' lang='lat' dir='ltr'>positum</span> <span class='ocrx_word' id='word_1_49' title='bbox 356 988 399 1052; x_wconf 86' lang='lat' dir='ltr'>ab</span> <span class='ocrx_word' id='word_1_50' title='bbox 420 985 685 1052; x_wconf 79' lang='lat' dir='ltr'>antecedentibus</span> <span class='ocrx_word' id='word_1_51' title='bbox 719 987 921 1053; x_wconf 85' lang='lat' dir='ltr'>incommode</span> <span class='ocrx_word' id='word_1_52' title='bbox 951 997 1135 1075; x_wconf 90' lang='lat' dir='ltr'>separatur,</span> <span class='ocrx_word' id='word_1_53' title='bbox 1169 988 1202 1054; x_wconf 90' lang='lat' dir='ltr'>id</span> <span class='ocrx_word' id='word_1_54' title='bbox 1227 989 1317 1076; x_wconf 92' lang='lat' dir='ltr'>quod</span> <span class='ocrx_word' id='word_1_55' title='bbox 1340 1012 1412 1055; x_wconf 85' lang='lat' dir='ltr'>sanc</span> 
     </span>
     <span class='ocr_line' id='line_1_8' title="bbox 186 1088 1413 1178; baseline 0.002 -23"><span class='ocrx_word' id='word_1_56' title='bbox 186 1089 448 1176; x_wconf 82' lang='lat' dir='ltr'>probabilitatem</span> <span class='ocrx_word' id='word_1_57' title='bbox 476 1088 695 1173; x_wconf 81' lang='lat' dir='ltr'>discriptionis</span> <span class='ocrx_word' id='word_1_58' title='bbox 725 1112 744 1154; x_wconf 93' lang='lat' dir='ltr'>a</span> <span class='ocrx_word' id='word_1_59' title='bbox 773 1090 995 1157; x_wconf 84' lang='lat' dir='ltr'>Studemundo</span> <span class='ocrx_word' id='word_1_60' title='bbox 1029 1090 1198 1156; x_wconf 88' lang='lat' dir='ltr'>institutae</span> <span class='ocrx_word' id='word_1_61' title='bbox 1231 1092 1413 1178; x_wconf 82' lang='lat' dir='ltr'>paullulum</span> 
     </span>
     <span class='ocr_line' id='line_1_9' title="bbox 187 1190 1414 1278; baseline 0.004 -22"><span class='ocrx_word' id='word_1_62' title='bbox 187 1191 356 1258; x_wconf 87' lang='lat' dir='ltr'>imminuit.</span> <span class='ocrx_word' id='word_1_63' title='bbox 400 1190 459 1257; x_wconf 91' lang='lat' dir='ltr'>sed</span> <span class='ocrx_word' id='word_1_64' title='bbox 482 1201 590 1257; x_wconf 92' lang='lat' dir='ltr'>utrum</span> <span class='ocrx_word' id='word_1_65' title='bbox 620 1193 689 1257; x_wconf 90' lang='lat' dir='ltr'>eius</span> <span class='ocrx_word' id='word_1_66' title='bbox 711 1192 882 1258; x_wconf 90' lang='lat' dir='ltr'>lectionem</span> <span class='ocrx_word' id='word_1_67' title='bbox 904 1193 1039 1278; x_wconf 89' lang='lat' dir='ltr'>probes,</span> <span class='ocrx_word' id='word_1_68' title='bbox 1070 1215 1111 1257; x_wconf 92' lang='lat' dir='ltr'>an</span> <span class='ocrx_word' id='word_1_69' title='bbox 1137 1214 1209 1258; x_wconf 88' lang='lat' dir='ltr'>cum</span> <span class='ocrx_word' id='word_1_70' title='bbox 1232 1193 1414 1261; x_wconf 83' lang='lat' dir='ltr'>Ritschelic</span> 
     </span>
     <span class='ocr_line' id='line_1_10' title="bbox 188 1293 1419 1382; baseline 0.002 -21"><span class='ocrx_word' id='word_1_71' title='bbox 188 1294 425 1382; x_wconf 85' lang='lat' dir='ltr'>Spengelioque</span> <span class='ocrx_word' id='word_1_72' title='bbox 456 1315 568 1359; x_wconf 88' lang='lat' dir='ltr'>versus</span> <span class='ocrx_word' id='word_1_73' title='bbox 588 1294 706 1379; x_wconf 92' lang='lat' dir='ltr'>prioris</span> <span class='ocrx_word' id='word_1_74' title='bbox 728 1294 825 1360; x_wconf 88' lang='lat' dir='ltr'>finem</span> <span class='ocrx_word' id='word_1_75' title='bbox 846 1293 1026 1359; x_wconf 89' lang='lat' dir='ltr'>constituas</span> <span class='ocrx_word' id='word_1_76' title='bbox 1055 1294 1180 1377; x_wconf 73' lang='lat' dir='ltr'>,faciest</span> <span class='ocrx_word' id='word_1_77' title='bbox 1211 1297 1277 1362; x_wconf 90' lang='lat' dir='ltr'>mei</span> <span class='ocrx_word' id='word_1_78' title='bbox 1308 1298 1419 1363; x_wconf 73' lang='lat' dir='ltr'>merni-</span> 
     </span>
     <span class='ocr_line' id='line_1_11' title="bbox 187 1395 1423 1484; baseline 0.002 -23"><span class='ocrx_word' id='word_1_79' title='bbox 187 1396 284 1474; x_wconf 89' lang='lat' dir='ltr'>neris,</span> <span class='ocrx_word' id='word_1_80' title='bbox 307 1395 385 1462; x_wconf 93' lang='lat' dir='ltr'>dum</span> <span class='ocrx_word' id='word_1_81' title='bbox 414 1395 514 1460; x_wconf 89' lang='lat' dir='ltr'>vitam</span> <span class='ocrx_word' id='word_1_82' title='bbox 537 1396 639 1460; x_wconf 84' lang='lat' dir='ltr'>vivas‘</span> <span class='ocrx_word' id='word_1_83' title='bbox 668 1396 840 1481; x_wconf 89' lang='lat' dir='ltr'>versuique</span> <span class='ocrx_word' id='word_1_84' title='bbox 870 1396 1052 1480; x_wconf 87' lang='lat' dir='ltr'>insequenti</span> <span class='ocrx_word' id='word_1_85' title='bbox 1083 1397 1145 1462; x_wconf 91' lang='lat' dir='ltr'>alio</span> <span class='ocrx_word' id='word_1_86' title='bbox 1173 1400 1290 1484; x_wconf 86' lang='lat' dir='ltr'>quovis</span> <span class='ocrx_word' id='word_1_87' title='bbox 1323 1401 1423 1466; x_wconf 90' lang='lat' dir='ltr'>modo</span> 
     </span>
     <span class='ocr_line' id='line_1_12' title="bbox 190 1497 1427 1588; baseline 0.002 -22"><span class='ocrx_word' id='word_1_88' title='bbox 190 1499 350 1577; x_wconf 89' lang='lat' dir='ltr'>consulas,</span> <span class='ocrx_word' id='word_1_89' title='bbox 374 1497 417 1563; x_wconf 86' lang='lat' dir='ltr'>ad</span> <span class='ocrx_word' id='word_1_90' title='bbox 439 1509 581 1563; x_wconf 90' lang='lat' dir='ltr'>nostram</span> <span class='ocrx_word' id='word_1_91' title='bbox 604 1520 673 1562; x_wconf 89' lang='lat' dir='ltr'>rem</span> <span class='ocrx_word' id='word_1_92' title='bbox 695 1499 828 1564; x_wconf 89' lang='lat' dir='ltr'>minoris</span> <span class='ocrx_word' id='word_1_93' title='bbox 853 1511 900 1564; x_wconf 91' lang='lat' dir='ltr'>est</span> <span class='ocrx_word' id='word_1_94' title='bbox 923 1500 1086 1566; x_wconf 87' lang='lat' dir='ltr'>momenti.</span> <span class='ocrx_word' id='word_1_95' title='bbox 1120 1512 1153 1564; x_wconf 90' lang='lat' dir='ltr'>at</span> <span class='ocrx_word' id='word_1_96' title='bbox 1174 1499 1208 1565; x_wconf 93' lang='lat' dir='ltr'>in</span> <span class='ocrx_word' id='word_1_97' title='bbox 1230 1500 1261 1565; x_wconf 93' lang='lat' dir='ltr'>P</span> <span class='ocrx_word' id='word_1_98' title='bbox 1284 1523 1349 1588; x_wconf 91' lang='lat' dir='ltr'>pro</span> <span class='ocrx_word' id='word_1_99' title='bbox 1375 1525 1427 1569; x_wconf 74' lang='lat' dir='ltr'>ea-</span> 
     </span>
     <span class='ocr_line' id='line_1_13' title="bbox 182 1601 1431 1690; baseline 0.002 -23"><span class='ocrx_word' id='word_1_100' title='bbox 182 1613 310 1690; x_wconf 80' lang='lat' dir='ltr'>poscunt</span> <span class='ocrx_word' id='word_1_101' title='bbox 332 1613 501 1685; x_wconf 86' lang='lat' dir='ltr'>exaratum</span> <span class='ocrx_word' id='word_1_102' title='bbox 525 1611 573 1665; x_wconf 91' lang='lat' dir='ltr'>est</span> <span class='ocrx_word' id='word_1_103' title='bbox 595 1602 793 1688; x_wconf 69' lang='lat' dir='ltr'>superlatum,</span> <span class='ocrx_word' id='word_1_104' title='bbox 817 1602 914 1689; x_wconf 92' lang='lat' dir='ltr'>quod,</span> <span class='ocrx_word' id='word_1_105' title='bbox 938 1624 1012 1668; x_wconf 92' lang='lat' dir='ltr'>cum</span> <span class='ocrx_word' id='word_1_106' title='bbox 1034 1601 1155 1688; x_wconf 91' lang='lat' dir='ltr'>ubique</span> <span class='ocrx_word' id='word_1_107' title='bbox 1178 1603 1431 1690; x_wconf 85' lang='lat' dir='ltr'>significatione</span> 
     </span>
     <span class='ocr_line' id='line_1_14' title="bbox 187 1702 1434 1793; baseline 0 -22"><span class='ocrx_word' id='word_1_108' title='bbox 187 1704 406 1789; x_wconf 90' lang='lat' dir='ltr'>conquerendi</span> <span class='ocrx_word' id='word_1_109' title='bbox 435 1702 641 1782; x_wconf 89' lang='lat' dir='ltr'>adhibeatur,</span> <span class='ocrx_word' id='word_1_110' title='bbox 675 1704 845 1768; x_wconf 88' lang='lat' dir='ltr'>Abraham</span> <span class='ocrx_word' id='word_1_111' title='bbox 874 1705 894 1773; x_wconf 87' lang='lat' dir='ltr'>l.</span> <span class='ocrx_word' id='word_1_112' title='bbox 918 1729 946 1771; x_wconf 88' lang='lat' dir='ltr'>c.</span> <span class='ocrx_word' id='word_1_113' title='bbox 970 1728 1001 1791; x_wconf 88' lang='lat' dir='ltr'>p.</span> <span class='ocrx_word' id='word_1_114' title='bbox 1026 1705 1088 1772; x_wconf 88' lang='grc'>194</span> <span class='ocrx_word' id='word_1_115' title='bbox 1110 1729 1158 1793; x_wconf 87' lang='lat' dir='ltr'>sq.</span> <span class='ocrx_word' id='word_1_116' title='bbox 1189 1704 1230 1770; x_wconf 92' lang='lat' dir='ltr'>ab</span> <span class='ocrx_word' id='word_1_117' title='bbox 1261 1706 1324 1771; x_wconf 92' lang='lat' dir='ltr'>hoc</span> <span class='ocrx_word' id='word_1_118' title='bbox 1351 1707 1434 1773; x_wconf 89' lang='lat' dir='ltr'>loeo</span> 
     </span>
     <span class='ocr_line' id='line_1_15' title="bbox 187 1806 1434 1894; baseline 0 -20"><span class='ocrx_word' id='word_1_119' title='bbox 187 1808 328 1874; x_wconf 89' lang='lat' dir='ltr'>alienum</span> <span class='ocrx_word' id='word_1_120' title='bbox 344 1829 413 1873; x_wconf 88' lang='lat' dir='ltr'>esse</span> <span class='ocrx_word' id='word_1_121' title='bbox 430 1807 672 1884; x_wconf 91' lang='lat' dir='ltr'>demonstravit,</span> <span class='ocrx_word' id='word_1_122' title='bbox 695 1806 910 1892; x_wconf 89' lang='lat' dir='ltr'>Niemeyerus</span> <span class='ocrx_word' id='word_1_123' title='bbox 926 1831 957 1894; x_wconf 90' lang='lat' dir='ltr'>p.</span> <span class='ocrx_word' id='word_1_124' title='bbox 974 1808 1016 1872; x_wconf 74' lang='lat'>20</span> <span class='ocrx_word' id='word_1_125' title='bbox 1037 1809 1173 1874; x_wconf 84' lang='lat' dir='ltr'>fortasse</span> <span class='ocrx_word' id='word_1_126' title='bbox 1189 1830 1207 1873; x_wconf 92' lang='lat' dir='ltr'>e</span> <span class='ocrx_word' id='word_1_127' title='bbox 1223 1810 1434 1874; x_wconf 81' lang='lat' dir='ltr'>recensione</span> 
     </span>
     <span class='ocr_line' id='line_1_16' title="bbox 187 1908 1435 1996; baseline 0 -20"><span class='ocrx_word' id='word_1_128' title='bbox 187 1911 320 1976; x_wconf 89' lang='lat' dir='ltr'>metrica</span> <span class='ocrx_word' id='word_1_129' title='bbox 358 1922 469 1974; x_wconf 88' lang='lat' dir='ltr'>natum</span> <span class='ocrx_word' id='word_1_130' title='bbox 507 1931 577 1974; x_wconf 91' lang='lat' dir='ltr'>csse</span> <span class='ocrx_word' id='word_1_131' title='bbox 614 1908 716 1988; x_wconf 87' lang='lat' dir='ltr'>dixit,</span> <span class='ocrx_word' id='word_1_132' title='bbox 754 1909 961 1996; x_wconf 88' lang='lat' dir='ltr'>comprobato</span> <span class='ocrx_word' id='word_1_133' title='bbox 995 1911 1145 1976; x_wconf 91' lang='lat' dir='ltr'>nimirum</span> <span class='ocrx_word' id='word_1_134' title='bbox 1178 1935 1197 1975; x_wconf 89' lang='lat' dir='ltr'>a</span> <span class='ocrx_word' id='word_1_135' title='bbox 1231 1926 1435 1980; x_wconf 83' lang='lat' dir='ltr'>correctore</span> 
     </span>
     <span class='ocr_line' id='line_1_17' title="bbox 187 2013 1050 2102; baseline 0 -23"><span class='ocrx_word' id='word_1_136' title='bbox 187 2013 369 2102; x_wconf 88' lang='lat' dir='ltr'>septenario</span> <span class='ocrx_word' id='word_1_137' title='bbox 392 2013 567 2091; x_wconf 90' lang='lat' dir='ltr'>trochaico,</span> <span class='ocrx_word' id='word_1_138' title='bbox 591 2035 687 2100; x_wconf 89' lang='lat' dir='ltr'>quem</span> <span class='ocrx_word' id='word_1_139' title='bbox 710 2013 908 2079; x_wconf 86' lang='lat' dir='ltr'>Ritschelius</span> <span class='ocrx_word' id='word_1_140' title='bbox 932 2013 1050 2079; x_wconf 90' lang='lat' dir='ltr'>edidit:</span> 
     </span>
    </p>

    <p class='ocr_par' dir='ltr' id='par_1_4' title="bbox 187 2115 1420 3130">
     <span class='ocr_line' id='line_1_18' title="bbox 230 2115 1380 2205; baseline 0.003 -23"><span class='ocrx_word' id='word_1_141' title='bbox 230 2117 317 2182; x_wconf 78' lang='lat' dir='ltr'>Bene</span> <span class='ocrx_word' id='word_1_142' title='bbox 339 2115 433 2181; x_wconf 82' lang='lat' dir='ltr'>dictis</span> <span class='ocrx_word' id='word_1_143' title='bbox 456 2119 519 2181; x_wconf 83' lang='lat' dir='ltr'>tuis</span> <span class='ocrx_word' id='word_1_144' title='bbox 537 2116 619 2181; x_wconf 90' lang='lat' dir='ltr'>bene</span> <span class='ocrx_word' id='word_1_145' title='bbox 641 2117 726 2180; x_wconf 85' lang='lat' dir='ltr'>facta</span> <span class='ocrx_word' id='word_1_146' title='bbox 750 2117 845 2182; x_wconf 81' lang='lat' dir='ltr'>aurds</span> <span class='ocrx_word' id='word_1_147' title='bbox 868 2138 959 2181; x_wconf 91' lang='lat' dir='ltr'>meae</span> <span class='ocrx_word' id='word_1_148' title='bbox 977 2116 1134 2182; x_wconf 85' lang='lat' dir='ltr'>auxilium</span> <span class='ocrx_word' id='word_1_149' title='bbox 1150 2115 1380 2205; x_wconf 84' lang='lat' dir='ltr'>expostulant.</span> 
     </span>
     <span class='ocr_line' id='line_1_19' title="bbox 188 2217 1420 2306; baseline 0.003 -23"><span class='ocrx_word' id='word_1_150' title='bbox 188 2219 243 2304; x_wconf 91' lang='lat' dir='ltr'>qui</span> <span class='ocrx_word' id='word_1_151' title='bbox 265 2219 293 2283; x_wconf 95' lang='lat' dir='ltr'>si</span> <span class='ocrx_word' id='word_1_152' title='bbox 314 2219 348 2283; x_wconf 92' lang='lat' dir='ltr'>in</span> <span class='ocrx_word' id='word_1_153' title='bbox 371 2217 536 2284; x_wconf 80' lang='lat' dir='ltr'>codicibus</span> <span class='ocrx_word' id='word_1_154' title='bbox 560 2241 688 2304; x_wconf 91' lang='lat' dir='ltr'>quoque</span> <span class='ocrx_word' id='word_1_155' title='bbox 711 2220 875 2306; x_wconf 84' lang='lat' dir='ltr'>integrum</span> <span class='ocrx_word' id='word_1_156' title='bbox 900 2243 1028 2287; x_wconf 90' lang='lat' dir='ltr'>versum</span> <span class='ocrx_word' id='word_1_157' title='bbox 1051 2219 1212 2305; x_wconf 85' lang='lat' dir='ltr'>expleret,</span> <span class='ocrx_word' id='word_1_158' title='bbox 1241 2220 1283 2285; x_wconf 91' lang='lat' dir='ltr'>de</span> <span class='ocrx_word' id='word_1_159' title='bbox 1307 2243 1420 2287; x_wconf 89' lang='lat' dir='ltr'>recen·</span> 
     </span>
     <span class='ocr_line' id='line_1_20' title="bbox 187 2320 1417 2412; baseline 0.002 -27"><span class='ocrx_word' id='word_1_160' title='bbox 187 2321 275 2386; x_wconf 90' lang='lat' dir='ltr'>sione</span> <span class='ocrx_word' id='word_1_161' title='bbox 299 2322 432 2386; x_wconf 82' lang='lat' dir='ltr'>metrica</span> <span class='ocrx_word' id='word_1_162' title='bbox 461 2343 525 2385; x_wconf 93' lang='lat' dir='ltr'>non</span> <span class='ocrx_word' id='word_1_163' title='bbox 548 2320 745 2403; x_wconf 84' lang='lat' dir='ltr'>dubitarem3</span> <span class='ocrx_word' id='word_1_164' title='bbox 781 2323 837 2388; x_wconf 90' lang='lat' dir='ltr'>sed</span> <span class='ocrx_word' id='word_1_165' title='bbox 860 2323 936 2408; x_wconf 92' lang='lat' dir='ltr'>quia</span> <span class='ocrx_word' id='word_1_166' title='bbox 959 2323 993 2387; x_wconf 91' lang='lat' dir='ltr'>in</span> <span class='ocrx_word' id='word_1_167' title='bbox 1013 2321 1044 2387; x_wconf 93' lang='grc' dir='ltr'><strong>Β</strong></span> <span class='ocrx_word' id='word_1_168' title='bbox 1067 2324 1226 2388; x_wconf 61' lang='lat' dir='ltr'>benedictae</span> <span class='ocrx_word' id='word_1_169' title='bbox 1255 2325 1417 2412; x_wconf 89' lang='lat' dir='ltr'>superiori</span> 
     </span>
     <span class='ocr_line' id='line_1_21' title="bbox 187 2424 1413 2514; baseline 0.003 -24"><span class='ocrx_word' id='word_1_170' title='bbox 187 2425 295 2490; x_wconf 89' lang='lat' dir='ltr'>versui</span> <span class='ocrx_word' id='word_1_171' title='bbox 311 2424 500 2489; x_wconf 90' lang='lat' dir='ltr'>adiunctum</span> <span class='ocrx_word' id='word_1_172' title='bbox 529 2435 578 2488; x_wconf 94' lang='lat' dir='ltr'>est</span> <span class='ocrx_word' id='word_1_173' title='bbox 604 2439 635 2489; x_wconf 91' lang='lat' dir='ltr'>et</span> <span class='ocrx_word' id='word_1_174' title='bbox 657 2448 676 2489; x_wconf 89' lang='lat' dir='ltr'>a</span> <span class='ocrx_word' id='word_1_175' title='bbox 699 2428 758 2488; x_wconf 77' lang='lat' dir='ltr'>tuis</span> <span class='ocrx_word' id='word_1_176' title='bbox 786 2449 888 2491; x_wconf 88' lang='lat' dir='ltr'>novus</span> <span class='ocrx_word' id='word_1_177' title='bbox 906 2449 1017 2491; x_wconf 91' lang='lat' dir='ltr'>versus</span> <span class='ocrx_word' id='word_1_178' title='bbox 1033 2425 1193 2512; x_wconf 63' lang='lat' dir='ltr'>incipito,</span> <span class='ocrx_word' id='word_1_179' title='bbox 1217 2426 1413 2514; x_wconf 86' lang='lat' dir='ltr'>omninoque</span> 
     </span>
     <span class='ocr_line' id='line_1_22' title="bbox 187 2527 1411 2616; baseline 0.002 -23"><span class='ocrx_word' id='word_1_180' title='bbox 187 2531 329 2616; x_wconf 84' lang='lat' dir='ltr'>genuina</span> <span class='ocrx_word' id='word_1_181' title='bbox 359 2550 512 2593; x_wconf 89' lang='lat' dir='ltr'>versuum</span> <span class='ocrx_word' id='word_1_182' title='bbox 541 2527 706 2614; x_wconf 89' lang='lat' dir='ltr'>discriptio</span> <span class='ocrx_word' id='word_1_183' title='bbox 735 2551 793 2615; x_wconf 91' lang='lat' dir='ltr'>per</span> <span class='ocrx_word' id='word_1_184' title='bbox 816 2530 966 2594; x_wconf 90' lang='lat' dir='ltr'>undecim</span> <span class='ocrx_word' id='word_1_185' title='bbox 997 2552 1108 2593; x_wconf 90' lang='lat' dir='ltr'>versus</span> <span class='ocrx_word' id='word_1_186' title='bbox 1137 2552 1241 2615; x_wconf 90' lang='lat' dir='ltr'>paene</span> <span class='ocrx_word' id='word_1_187' title='bbox 1271 2533 1411 2608; x_wconf 88' lang='lat' dir='ltr'>evanuit,</span> 
     </span>
     <span class='ocr_line' id='line_1_23' title="bbox 187 2631 1409 2719; baseline 0.002 -23"><span class='ocrx_word' id='word_1_188' title='bbox 187 2641 400 2696; x_wconf 85' lang='lat' dir='ltr'>correctorem</span> <span class='ocrx_word' id='word_1_189' title='bbox 431 2651 465 2694; x_wconf 92' lang='lat' dir='ltr'>re</span> <span class='ocrx_word' id='word_1_190' title='bbox 494 2652 571 2694; x_wconf 87' lang='lat' dir='ltr'>vera</span> <span class='ocrx_word' id='word_1_191' title='bbox 593 2633 809 2719; x_wconf 86' lang='lat' dir='ltr'>septenarium</span> <span class='ocrx_word' id='word_1_192' title='bbox 841 2632 1040 2697; x_wconf 88' lang='lat' dir='ltr'>trochaicum</span> <span class='ocrx_word' id='word_1_193' title='bbox 1069 2631 1220 2697; x_wconf 90' lang='lat' dir='ltr'>ficturum</span> <span class='ocrx_word' id='word_1_194' title='bbox 1248 2634 1352 2700; x_wconf 82' lang='lat' dir='ltr'>luisse</span> <span class='ocrx_word' id='word_1_195' title='bbox 1380 2656 1409 2699; x_wconf 91' lang='lat' dir='ltr'>ec</span> 
     </span>
     <span class='ocr_line' id='line_1_24' title="bbox 187 2731 1408 2823; baseline 0.001 -24"><span class='ocrx_word' id='word_1_196' title='bbox 187 2733 293 2799; x_wconf 91' lang='lat' dir='ltr'>minus</span> <span class='ocrx_word' id='word_1_197' title='bbox 316 2741 403 2798; x_wconf 89' lang='lat' dir='ltr'>certo</span> <span class='ocrx_word' id='word_1_198' title='bbox 425 2731 620 2799; x_wconf 89' lang='lat' dir='ltr'>contendere</span> <span class='ocrx_word' id='word_1_199' title='bbox 647 2757 835 2823; x_wconf 89' lang='lat' dir='ltr'>possumus,</span> <span class='ocrx_word' id='word_1_200' title='bbox 872 2733 958 2818; x_wconf 94' lang='lat' dir='ltr'>quod</span> <span class='ocrx_word' id='word_1_201' title='bbox 989 2733 1209 2800; x_wconf 80' lang='lat' dir='ltr'>diversitatem</span> <span class='ocrx_word' id='word_1_202' title='bbox 1233 2736 1408 2822; x_wconf 83' lang='lat' dir='ltr'>scripturae</span> 
     </span>
     <span class='ocr_line' id='line_1_25' title="bbox 187 2833 1409 2923; baseline 0 -21"><span class='ocrx_word' id='word_1_203' title='bbox 187 2837 285 2903; x_wconf 89' lang='lat' dir='ltr'>etiarn</span> <span class='ocrx_word' id='word_1_204' title='bbox 307 2858 348 2902; x_wconf 84' lang='grc'>111</span> <span class='ocrx_word' id='word_1_205' title='bbox 371 2833 496 2900; x_wconf 89' lang='lat' dir='ltr'>scribae</span> <span class='ocrx_word' id='word_1_206' title='bbox 518 2855 625 2900; x_wconf 91' lang='lat' dir='ltr'>errore</span> <span class='ocrx_word' id='word_1_207' title='bbox 647 2837 751 2922; x_wconf 90' lang='lat' dir='ltr'>repeti</span> <span class='ocrx_word' id='word_1_208' title='bbox 780 2859 874 2923; x_wconf 88' lang='lat' dir='ltr'>posse</span> <span class='ocrx_word' id='word_1_209' title='bbox 902 2837 1145 2902; x_wconf 92' lang='lat' dir='ltr'>concedendum</span> <span class='ocrx_word' id='word_1_210' title='bbox 1172 2847 1238 2922; x_wconf 83' lang='lat' dir='ltr'>est3</span> <span class='ocrx_word' id='word_1_211' title='bbox 1273 2839 1308 2902; x_wconf 92' lang='lat' dir='ltr'>in</span> <span class='ocrx_word' id='word_1_212' title='bbox 1333 2861 1409 2904; x_wconf 90' lang='lat' dir='ltr'>com-</span> 
     </span>
     <span class='ocr_line' id='line_1_26' title="bbox 187 2939 1408 3031; baseline -0.002 -25"><span class='ocrx_word' id='word_1_213' title='bbox 187 2941 387 3031; x_wconf 86' lang='lat' dir='ltr'>parationem</span> <span class='ocrx_word' id='word_1_214' title='bbox 420 2941 530 3003; x_wconf 90' lang='lat' dir='ltr'>vocari</span> <span class='ocrx_word' id='word_1_215' title='bbox 565 2951 699 3025; x_wconf 91' lang='lat' dir='ltr'>possunt</span> <span class='ocrx_word' id='word_1_216' title='bbox 726 2941 838 3004; x_wconf 79' lang='lat' dir='ltr'>Pseud.</span> <span class='ocrx_word' id='word_1_217' title='bbox 862 2939 940 3006; x_wconf 84' lang='lat'><strong>389:</strong></span> <span class='ocrx_word' id='word_1_218' title='bbox 980 2939 1117 3017; x_wconf 87' lang='lat' dir='ltr'>‚adduce</span> <span class='ocrx_word' id='word_1_219' title='bbox 1151 2940 1316 3005; x_wconf 90' lang='lat' dir='ltr'>hominem</span> <span class='ocrx_word' id='word_1_220' title='bbox 1351 2942 1408 3006; x_wconf 90' lang='lat' dir='ltr'>huc</span> 
     </span>
     <span class='ocr_line' id='line_1_27' title="bbox 187 3039 1407 3130; baseline -0.001 -21"><span class='ocrx_word' id='word_1_221' title='bbox 187 3045 281 3110; x_wconf 75' lang='lat' dir='ltr'>cit0⁴</span> <span class='ocrx_word' id='word_1_222' title='bbox 303 3045 345 3122; x_wconf 89' lang='lat' dir='ltr'>A,</span> <span class='ocrx_word' id='word_1_223' title='bbox 378 3041 547 3126; x_wconf 87' lang='lat' dir='ltr'>,celeriter‘</span> <span class='ocrx_word' id='word_1_224' title='bbox 564 3039 603 3121; x_wconf 92' lang='lat' dir='ltr'>P,</span> <span class='ocrx_word' id='word_1_225' title='bbox 637 3043 692 3108; x_wconf 94' lang='lat' dir='ltr'>ubi</span> <span class='ocrx_word' id='word_1_226' title='bbox 727 3042 767 3108; x_wconf 92' lang='lat' dir='ltr'>de</span> <span class='ocrx_word' id='word_1_227' title='bbox 801 3043 987 3107; x_wconf 86' lang='lat' dir='ltr'>recensione</span> <span class='ocrx_word' id='word_1_228' title='bbox 1021 3043 1151 3108; x_wconf 91' lang='lat' dir='ltr'>minime</span> <span class='ocrx_word' id='word_1_229' title='bbox 1185 3043 1407 3130; x_wconf 65' lang='lat' dir='ltr'>cogitandum</span> 
     </span>
    </p>

    <p class='ocr_par' dir='ltr' id='par_1_5' title="bbox 124 3144 1050 3316">
     <span class='ocr_line' id='line_1_28' title="bbox 124 3144 1050 3236; baseline -0.001 -24"><span class='ocrx_word' id='word_1_230' title='bbox 124 3163 127 3169; x_wconf 83' lang='lat'>&#39;</span> <span class='ocrx_word' id='word_1_231' title='bbox 188 3149 285 3236; x_wconf 77' lang='lat' dir='ltr'>Epiri.</span> <span class='ocrx_word' id='word_1_232' title='bbox 307 3147 369 3215; x_wconf 79' lang='lat'>487</span> <span class='ocrx_word' id='word_1_233' title='bbox 393 3145 588 3225; x_wconf 86' lang='lat' dir='ltr'>,destinavit‘</span> <span class='ocrx_word' id='word_1_234' title='bbox 611 3144 655 3223; x_wconf 91' lang='lat' dir='ltr'>A,</span> <span class='ocrx_word' id='word_1_235' title='bbox 678 3146 776 3229; x_wconf 89' lang='lat' dir='ltr'>,emit‘</span> <span class='ocrx_word' id='word_1_236' title='bbox 796 3144 827 3209; x_wconf 95' lang='lat' dir='ltr'>B</span> <span class='ocrx_word' id='word_1_237' title='bbox 850 3145 918 3211; x_wconf 89' lang='lat' dir='ltr'>sine</span> <span class='ocrx_word' id='word_1_238' title='bbox 941 3156 1050 3211; x_wconf 90' lang='lat' dir='ltr'>metro.</span> 
     </span>
     <span class='ocr_line' id='line_1_29' title="bbox 274 3250 456 3316; baseline 0 0"><span class='ocrx_word' id='word_1_239' title='bbox 274 3250 456 3316; x_wconf 69' lang='lat' dir='ltr'>arietata</span> 
     </span>
    </p>

    <p class='ocr_par' dir='ltr' id='par_1_6' title="bbox 230 3349 1258 3440">
     <span class='ocr_line' id='line_1_30' title="bbox 230 3349 1258 3440; baseline -0.002 -22"><span class='ocrx_word' id='word_1_240' title='bbox 230 3352 276 3419; x_wconf 91' lang='lat' dir='ltr'>A:</span> <span class='ocrx_word' id='word_1_241' title='bbox 300 3352 401 3421; x_wconf 88' lang='lat' dir='ltr'>Venit</span> <span class='ocrx_word' id='word_1_242' title='bbox 421 3352 564 3435; x_wconf 89' lang='lat' dir='ltr'>inquam.</span> <span class='ocrx_word' id='word_1_243' title='bbox 580 3350 594 3440; x_wconf 76' lang='grc' dir='ltr'>ΙΙ</span> <span class='ocrx_word' id='word_1_244' title='bbox 610 3350 692 3415; x_wconf 90' lang='lat' dir='ltr'>tutin</span> <span class='ocrx_word' id='word_1_245' title='bbox 715 3350 804 3436; x_wconf 90' lang='lat' dir='ltr'>ipsus</span> <span class='ocrx_word' id='word_1_246' title='bbox 827 3351 934 3436; x_wconf 91' lang='lat' dir='ltr'>ipsum</span> <span class='ocrx_word' id='word_1_247' title='bbox 958 3349 1089 3418; x_wconf 78' lang='lat' dir='ltr'>vidisti?</span> <span class='ocrx_word' id='word_1_248' title='bbox 1105 3351 1118 3438; x_wconf 91' lang='grc' dir='ltr'>ΙΙ</span> <span class='ocrx_word' id='word_1_249' title='bbox 1134 3351 1258 3416; x_wconf 88' lang='lat' dir='ltr'>lubens.</span> 
     </span>
    </p>

    <p class='ocr_par' dir='ltr' id='par_1_7' title="bbox 188 3455 1412 4263">
     <span class='ocr_line' id='line_1_31' title="bbox 230 3455 1365 3544; baseline 0.002 -23"><span class='ocrx_word' id='word_1_250' title='bbox 230 3457 275 3522; x_wconf 91' lang='lat' dir='ltr'>P:</span> <span class='ocrx_word' id='word_1_251' title='bbox 299 3457 398 3522; x_wconf 87' lang='lat' dir='ltr'>Venit</span> <span class='ocrx_word' id='word_1_252' title='bbox 420 3457 562 3540; x_wconf 89' lang='lat' dir='ltr'>inquam.</span> <span class='ocrx_word' id='word_1_253' title='bbox 578 3455 592 3544; x_wconf 79' lang='grc' dir='ltr'>ΙΙ</span> <span class='ocrx_word' id='word_1_254' title='bbox 608 3466 665 3521; x_wconf 91' lang='lat' dir='ltr'>tun</span> <span class='ocrx_word' id='word_1_255' title='bbox 688 3478 761 3521; x_wconf 91' lang='lat' dir='ltr'>eum</span> <span class='ocrx_word' id='word_1_256' title='bbox 783 3457 889 3544; x_wconf 92' lang='lat' dir='ltr'>ipsum</span> <span class='ocrx_word' id='word_1_257' title='bbox 913 3457 1043 3522; x_wconf 82' lang='lat' dir='ltr'>vidisti?</span> <span class='ocrx_word' id='word_1_258' title='bbox 1059 3456 1071 3544; x_wconf 77' lang='grc' dir='ltr'>ΙΙ</span> <span class='ocrx_word' id='word_1_259' title='bbox 1087 3456 1133 3521; x_wconf 88' lang='lat' dir='ltr'>ita</span> <span class='ocrx_word' id='word_1_260' title='bbox 1155 3479 1216 3543; x_wconf 90' lang='lat' dir='ltr'>ego</span> <span class='ocrx_word' id='word_1_261' title='bbox 1237 3457 1365 3523; x_wconf 90' lang='lat' dir='ltr'>lubens.</span> 
     </span>
     <span class='ocr_line' id='line_1_32' title="bbox 188 3558 1410 3633; baseline -0.001 -7"><span class='ocrx_word' id='word_1_262' title='bbox 188 3560 312 3628; x_wconf 89' lang='lat' dir='ltr'>Versus</span> <span class='ocrx_word' id='word_1_263' title='bbox 345 3559 378 3623; x_wconf 92' lang='lat' dir='ltr'>in</span> <span class='ocrx_word' id='word_1_264' title='bbox 405 3558 434 3623; x_wconf 94' lang='lat' dir='ltr'>P</span> <span class='ocrx_word' id='word_1_265' title='bbox 462 3560 617 3624; x_wconf 87' lang='lat' dir='ltr'>audacter</span> <span class='ocrx_word' id='word_1_266' title='bbox 650 3569 842 3624; x_wconf 89' lang='lat' dir='ltr'>retractatus</span> <span class='ocrx_word' id='word_1_267' title='bbox 876 3571 931 3626; x_wconf 91' lang='lat' dir='ltr'>est.</span> <span class='ocrx_word' id='word_1_268' title='bbox 976 3573 1118 3625; x_wconf 89' lang='lat' dir='ltr'>attamen</span> <span class='ocrx_word' id='word_1_269' title='bbox 1152 3583 1226 3633; x_wconf 90' lang='lat' dir='ltr'>curn</span> <span class='ocrx_word' id='word_1_270' title='bbox 1260 3575 1315 3626; x_wconf 82' lang='lat' dir='ltr'>tua</span> <span class='ocrx_word' id='word_1_271' title='bbox 1348 3586 1410 3628; x_wconf 84' lang='lat' dir='ltr'>cum</span> 
     </span>
     <span class='ocr_line' id='line_1_33' title="bbox 188 3661 1410 3749; baseline -0.001 -20"><span class='ocrx_word' id='word_1_272' title='bbox 188 3663 392 3729; x_wconf 89' lang='lat' dir='ltr'>coniecturae</span> <span class='ocrx_word' id='word_1_273' title='bbox 421 3684 553 3749; x_wconf 90' lang='lat' dir='ltr'>prorsus</span> <span class='ocrx_word' id='word_1_274' title='bbox 577 3662 704 3748; x_wconf 89' lang='lat' dir='ltr'>vulgari</span> <span class='ocrx_word' id='word_1_275' title='bbox 728 3661 899 3740; x_wconf 86' lang='lat' dir='ltr'>debeatur,</span> <span class='ocrx_word' id='word_1_276' title='bbox 933 3665 977 3725; x_wconf 83' lang='lat' dir='ltr'>ito</span> <span class='ocrx_word' id='word_1_277' title='bbox 1000 3685 1052 3748; x_wconf 82' lang='lat' dir='ltr'>epo</span> <span class='ocrx_word' id='word_1_278' title='bbox 1075 3664 1176 3728; x_wconf 81' lang='lat' dir='ltr'>labem</span> <span class='ocrx_word' id='word_1_279' title='bbox 1205 3663 1317 3729; x_wconf 91' lang='lat' dir='ltr'>stilum</span> <span class='ocrx_word' id='word_1_280' title='bbox 1339 3686 1410 3730; x_wconf 88' lang='lat' dir='ltr'>vere</span> 
     </span>
     <span class='ocr_line' id='line_1_34' title="bbox 189 3764 1412 3855; baseline -0.001 -24"><span class='ocrx_word' id='word_1_281' title='bbox 189 3765 377 3833; x_wconf 90' lang='lat' dir='ltr'>Plautinum</span> <span class='ocrx_word' id='word_1_282' title='bbox 400 3767 446 3831; x_wconf 90' lang='lat' dir='ltr'>ita</span> <span class='ocrx_word' id='word_1_283' title='bbox 468 3766 564 3852; x_wconf 90' lang='lat' dir='ltr'>sapit,</span> <span class='ocrx_word' id='word_1_284' title='bbox 588 3775 624 3830; x_wconf 91' lang='lat' dir='ltr'>ut</span> <span class='ocrx_word' id='word_1_285' title='bbox 645 3764 703 3830; x_wconf 88' lang='lat' dir='ltr'>vix</span> <span class='ocrx_word' id='word_1_286' title='bbox 717 3765 797 3830; x_wconf 92' lang='lat' dir='ltr'>mihi</span> <span class='ocrx_word' id='word_1_287' title='bbox 815 3765 1010 3850; x_wconf 90' lang='lat' dir='ltr'>persuadere</span> <span class='ocrx_word' id='word_1_288' title='bbox 1025 3766 1194 3851; x_wconf 91' lang='lat' dir='ltr'>potuerim,</span> <span class='ocrx_word' id='word_1_289' title='bbox 1217 3788 1259 3832; x_wconf 86' lang='lat' dir='ltr'>ex</span> <span class='ocrx_word' id='word_1_290' title='bbox 1282 3767 1412 3855; x_wconf 85' lang='lat' dir='ltr'>ingenio</span> 
     </span>
     <span class='ocr_line' id='line_1_35' title="bbox 189 3867 1410 3957; baseline -0.001 -21"><span class='ocrx_word' id='word_1_291' title='bbox 189 3869 378 3936; x_wconf 86' lang='lat' dir='ltr'>correctoris</span> <span class='ocrx_word' id='word_1_292' title='bbox 410 3870 507 3936; x_wconf 87' lang='lat' dir='ltr'>talem</span> <span class='ocrx_word' id='word_1_293' title='bbox 542 3869 761 3935; x_wconf 87' lang='lat' dir='ltr'>coniecturam</span> <span class='ocrx_word' id='word_1_294' title='bbox 793 3867 936 3932; x_wconf 86' lang='lat' dir='ltr'>fluxisse.</span> <span class='ocrx_word' id='word_1_295' title='bbox 996 3869 1052 3933; x_wconf 91' lang='lat' dir='ltr'>sed</span> <span class='ocrx_word' id='word_1_296' title='bbox 1086 3870 1241 3957; x_wconf 92' lang='lat' dir='ltr'>quoniam</span> <span class='ocrx_word' id='word_1_297' title='bbox 1270 3894 1289 3936; x_wconf 92' lang='lat' dir='ltr'>a</span> <span class='ocrx_word' id='word_1_298' title='bbox 1325 3871 1410 3937; x_wconf 87' lang='lat' dir='ltr'>nulla</span> 
     </span>
     <span class='ocr_line' id='line_1_36' title="bbox 189 3970 1410 4061; baseline -0.002 -22"><span class='ocrx_word' id='word_1_299' title='bbox 189 3983 281 4060; x_wconf 88' lang='lat' dir='ltr'>perte</span> <span class='ocrx_word' id='word_1_300' title='bbox 315 3972 551 4039; x_wconf 88' lang='lat' dir='ltr'>Ambrosianus</span> <span class='ocrx_word' id='word_1_301' title='bbox 584 3971 795 4037; x_wconf 84' lang='lat' dir='ltr'>offensionem</span> <span class='ocrx_word' id='word_1_302' title='bbox 829 3970 978 4057; x_wconf 90' lang='lat' dir='ltr'>praebet,</span> <span class='ocrx_word' id='word_1_303' title='bbox 1012 3983 1062 4037; x_wconf 90' lang='lat' dir='ltr'>sat</span> <span class='ocrx_word' id='word_1_304' title='bbox 1099 3972 1234 4056; x_wconf 91' lang='lat' dir='ltr'>antiquo</span> <span class='ocrx_word' id='word_1_305' title='bbox 1267 3983 1410 4061; x_wconf 89' lang='lat' dir='ltr'>tempore</span> 
     </span>
     <span class='ocr_line' id='line_1_37' title="bbox 189 4074 1410 4162; baseline 0.002 -22"><span class='ocrx_word' id='word_1_306' title='bbox 189 4077 399 4142; x_wconf 89' lang='lat' dir='ltr'>mutationem</span> <span class='ocrx_word' id='word_1_307' title='bbox 421 4075 550 4162; x_wconf 83' lang='lat' dir='ltr'>egregie</span> <span class='ocrx_word' id='word_1_308' title='bbox 573 4075 739 4141; x_wconf 85' lang='lat' dir='ltr'>inventam</span> <span class='ocrx_word' id='word_1_309' title='bbox 761 4074 883 4139; x_wconf 82' lang='lat' dir='ltr'>factam</span> <span class='ocrx_word' id='word_1_310' title='bbox 910 4096 980 4139; x_wconf 90' lang='grc'><strong>1111</strong></span> <span class='ocrx_word' id='word_1_311' title='bbox 1004 4074 1173 4141; x_wconf 88' lang='lat' dir='ltr'>credamus</span> <span class='ocrx_word' id='word_1_312' title='bbox 1201 4097 1335 4142; x_wconf 87' lang='lat' dir='ltr'>necesse</span> <span class='ocrx_word' id='word_1_313' title='bbox 1358 4085 1410 4142; x_wconf 87' lang='lat' dir='ltr'>est.</span> 
     </span>
     <span class='ocr_line' id='line_1_38' title="bbox 190 4177 1409 4263; baseline -0.002 -19"><span class='ocrx_word' id='word_1_314' title='bbox 190 4180 320 4246; x_wconf 89' lang='lat' dir='ltr'>videtur</span> <span class='ocrx_word' id='word_1_315' title='bbox 342 4189 452 4248; x_wconf 87' lang='lat' dir='ltr'>autem</span> <span class='ocrx_word' id='word_1_316' title='bbox 475 4189 548 4263; x_wconf 89' lang='lat' dir='ltr'>post</span> <span class='ocrx_word' id='word_1_317' title='bbox 570 4178 793 4243; x_wconf 82' lang='lat' dir='ltr'>recensionem</span> <span class='ocrx_word' id='word_1_318' title='bbox 820 4177 942 4242; x_wconf 85' lang='lat' dir='ltr'>factam</span> <span class='ocrx_word' id='word_1_319' title='bbox 970 4177 1165 4263; x_wconf 87' lang='lat' dir='ltr'>archetypus</span> <span class='ocrx_word' id='word_1_320' title='bbox 1186 4178 1409 4244; x_wconf 87' lang='lat' dir='ltr'>Palatinorum</span> 
     </span>
    </p>
   </div>
   <div class='ocr_carea' id='block_1_3' title="bbox 278 4416 1406 4571">
    <p class='ocr_par' dir='ltr' id='par_1_8' title="bbox 278 4416 1406 4571">
     <span class='ocr_line' id='line_1_39' title="bbox 278 4416 1406 4488; baseline -0.003 -15"><span class='ocrx_word' id='word_1_321' title='bbox 278 4420 299 4488; x_wconf 83' lang='lat'>¹)</span> <span class='ocrx_word' id='word_1_322' title='bbox 318 4418 399 4473; x_wconf 88' lang='lat' dir='ltr'>Unde</span> <span class='ocrx_word' id='word_1_323' title='bbox 409 4418 500 4488; x_wconf 86' lang='lat' dir='ltr'>possis</span> <span class='ocrx_word' id='word_1_324' title='bbox 512 4417 598 4472; x_wconf 79' lang='lat' dir='ltr'>etiam</span> <span class='ocrx_word' id='word_1_325' title='bbox 610 4417 745 4482; x_wconf 89' lang='lat' dir='ltr'>conicere,</span> <span class='ocrx_word' id='word_1_326' title='bbox 763 4417 917 4471; x_wconf 82' lang='lat' dir='ltr'>correctori</span> <span class='ocrx_word' id='word_1_327' title='bbox 928 4417 1030 4471; x_wconf 86' lang='lat' dir='ltr'>inscito</span> <span class='ocrx_word' id='word_1_328' title='bbox 1042 4434 1109 4470; x_wconf 87' lang='lat' dir='ltr'>sane</span> <span class='ocrx_word' id='word_1_329' title='bbox 1120 4416 1260 4486; x_wconf 82' lang='lat' dir='ltr'>placuisse</span> <span class='ocrx_word' id='word_1_330' title='bbox 1272 4418 1406 4470; x_wconf 86' lang='lat' dir='ltr'>senarium</span> 
     </span>
     <span class='ocr_line' id='line_1_40' title="bbox 424 4501 1209 4571; baseline -0.001 -14"><span class='ocrx_word' id='word_1_331' title='bbox 424 4501 492 4557; x_wconf 75' lang='lat' dir='ltr'>Tuis</span> <span class='ocrx_word' id='word_1_332' title='bbox 509 4502 656 4557; x_wconf 83' lang='lat' dir='ltr'>benefacta</span> <span class='ocrx_word' id='word_1_333' title='bbox 673 4505 754 4557; x_wconf 72' lang='lat' dir='ltr'>aures</span> <span class='ocrx_word' id='word_1_334' title='bbox 771 4518 849 4556; x_wconf 89' lang='lat' dir='ltr'>meae</span> <span class='ocrx_word' id='word_1_335' title='bbox 866 4503 1002 4556; x_wconf 83' lang='lat' dir='ltr'>auxilinm</span> <span class='ocrx_word' id='word_1_336' title='bbox 1021 4501 1209 4571; x_wconf 81' lang='lat' dir='ltr'>expostulant.</span> 
     </span>
    </p>
   </div>
   <div class='ocr_carea' id='block_1_4' title="bbox 82 4742 292 4840">
    <p class='ocr_par' dir='ltr' id='par_1_9' title="bbox 82 4742 292 4840">
     <span class='ocr_line' id='line_1_41' title="bbox 82 4742 292 4840; baseline 0 0"><span class='ocrx_word' id='word_1_337' title='bbox 82 4742 292 4840; x_wconf 69' lang='lat' dir='ltr'>A</span> 
     </span>
    </p>
   </div>
   <div class='ocr_carea' id='block_1_5' title="bbox 0 0 1575 5146">
    <p class='ocr_par' dir='ltr' id='par_1_10' title="bbox 0 0 1575 5146">
     <span class='ocr_line' id='line_1_42' title="bbox 0 0 1575 5146; baseline 0 0"><span class='ocrx_word' id='word_1_338' title='bbox 0 0 1575 5146; x_wconf 95' lang='lat' dir='ltr'> </span> 
     </span>
    </p>
   </div>
  </div>
 </body>
</html>
