3120 5138
674 304 877 404 „ma-

250 511 344 576 Haec
372 511 398 574 si
419 510 466 575 ita
488 519 523 574 ut
546 509 791 587 volo'confieio‚
815 511 966 575 continuo
989 511 1028 575 ad
1052 521 1083 574 te
1106 519 1237 575 transeo

166 614 364 680 Ritschelius
386 614 456 679 iure
479 612 581 691 eiecit,
605 623 652 689 ‚ut
671 613 716 677 ad
739 613 982 678 similitudinem
1005 637 1034 680 v.
1058 612 1122 677 623

251 717 340 783 Deos
363 715 510 782 salutabo
533 716 645 780 modo:
681 726 772 801 poste
801 716 843 781 ad
866 727 896 780 te
921 717 1072 782 continuo
1098 727 1230 782 transeo

166 818 296 886 fictum‘.
321 842 416 904 quem
429 821 563 884 fortasse
575 818 806 904 grammaticus
823 818 959 883 addidit.
982 828 1016 883 at
1027 819 1197 885 scaenicae
1211 817 1379 884 recensioni

165 921 235 986 sine
250 921 316 987 ulla
340 920 540 987 dubitatione
558 920 663 986 tribuo
680 945 710 989 v.
726 922 787 986 387
810 944 851 986 ne
868 944 942 987 eum
965 922 1096 1006 quidem
1123 921 1202 986 inP
1224 933 1380 987 extantem

252 1023 334 1112 Spes
363 1035 422 1104 est,
451 1024 581 1089 tandem
611 1025 787 1110 aliquando
815 1025 1032 1111 importunam
1062 1025 1195 1110 exigere
1223 1047 1266 1089 ex
1301 1023 1381 1104 uterd

979 1129 1099 1193 famem
1108 1130 1147 1213 1),

166 1253 261 1318 quem
284 1231 379 1296 finxit
401 1230 523 1309 histria,
546 1253 697 1295 versuum
725 1230 900 1295 160-166
928 1231 1124 1297 recordatus.
1169 1230 1381 1296 adulterinam

166 1333 324 1419 originem
347 1332 487 1398 ostendit
509 1332 669 1397 infinitivo
685 1335 863 1421 praesentis
887 1355 971 1420 ‚spes
994 1343 1043 1398 est
1066 1334 1196 1399 tandem
1212 1333 1383 1420 aliquando

166 1436 330 1521 exigere
353 1437 482 1500 famem‘
514 1436 673 1514 adhibito,
707 1459 765 1523 pro
788 1459 852 1520 quo
874 1437 984 1502 Plauti
1010 1437 1245 1502 consuetudine
1269 1436 1384 1522 efflagi-

167 1548 253 1603 tatur
291 1538 468 1603 infinitivus
507 1539 622 1622 futuri;
661 1540 701 1604 cf.
735 1541 833 1626 Epic.
862 1540 935 1605 332.
969 1542 1051 1604 Mea.
1083 1540 1175 1605 1102.
1212 1540 1307 1608 Stat.
1341 1539 1387 1606 22.

172 1642 256 1711 Troe.
279 1642 351 1709 886.
376 1642 432 1706 sed
456 1643 551 1726 longe
579 1643 731 1727 graviora
757 1643 1012 1729 interpolationis
1042 1642 1190 1728 exempla
1219 1642 1252 1707 in
1276 1641 1386 1709 Sticho

171 1755 291 1809 extant.
336 1766 441 1828 neque
471 1744 613 1809 enimin
645 1746 712 1810 ulla
734 1746 798 1810 alia
819 1744 931 1810 fabula
952 1768 1104 1810 numerus
1135 1768 1291 1813 versuum
1314 1746 1390 1811 Am-

167 1845 304 1910 brosiani
331 1845 588 1911 aPalatinorum
612 1847 693 1912 adeo
717 1847 894 1934 discrepat3
917 1859 950 1912 at
972 1848 1089 1933 quibus
1104 1848 1158 1914 ille
1181 1871 1239 1913 nos
1255 1849 1389 1914 donavit

162 1949 259 2013 'novis
287 1948 451 2027 versibus,
485 1971 598 2014 eorum
626 1950 653 2014 si
681 1973 744 2015 non
769 1953 911 2017 omnium
945 1964 1030 2017 certe
1058 1951 1271 2037 plurimorum
1302 1952 1391 2039 origo

167 2073 323 2139 perquam
347 2063 499 2140 suspecta
521 2063 578 2118 est.
1226 2111 1228 2114 r

252 2153 351 2222 Velut
375 2154 467 2220 Stich.
490 2178 542 2220 vv.
566 2155 748 2222 423-430
769 2154 849 2221 haec
871 2155 905 2219 in
927 2155 956 2219 P
978 2166 1026 2221 est
1048 2156 1187 2242 species:
1325 2226 1328 2234 ,

211 2256 283 2324 423.
306 2256 350 2322 Et
372 2257 422 2321 ius
446 2268 478 2322 et
500 2279 638 2345 aequom
659 2257 820 2343 postulas:
844 2280 963 2337 sumas,
986 2257 1105 2337 Stiohe,
1149 2339 1151 2343 ι

305 2360 346 2424 In
369 2359 455 2424 hunc
477 2359 578 2424 diem:
601 2371 632 2424 te
654 2359 700 2424 nil
723 2382 837 2427 moror.
872 2360 925 2426 abi
947 2383 1011 2448 quo
1035 2360 1134 2427 lubet.

307 2463 433 2528 Gallum
456 2462 517 2528 tibi
539 2463 656 2527 veteris
679 2463 746 2527 vini
768 2462 914 2550 propino.
937 2461 1007 2532 ST.
1029 2485 1144 2551 papae,

208 2565 281 2629 426.
308 2565 434 2631 Ducam
456 2566 552 2631 hodie
575 2566 722 2633 amicam.
747 2565 818 2631 ΕΡ.
844 2566 895 2630 vel
917 2566 1040 2644 decem,
1063 2566 1141 2632 dum
1163 2565 1204 2631 de
1227 2578 1291 2634 tua.

210 2667 282 2735 430.
307 2668 369 2734 Ubi
393 2692 489 2734 cenas
508 2669 627 2737 hodie?
652 2669 717 2735 ST.
743 2670 790 2733 sic
811 2668 1074 2735 honorationem
1096 2669 1197 2734 institi
1219 2690 1247 2738 e.
1271 2693 1302 2757 q.
1328 2694 1355 2736 s.

60 2813 63 2818 -
166 2769 222 2836 ubi
246 2793 286 2836 ex
310 2773 343 2836 A
365 2773 448 2836 inter
474 2796 533 2850 vv.⁴
549 2773 613 2836 426
636 2784 668 2836 et
689 2773 753 2838 430
780 2783 844 2836 tres
873 2772 948 2836 novi
977 2771 1166 2859 prodierunt
1196 2772 1281 2838 lectu
1311 2773 1392 2838 diffi-

168 2873 291 2952 cillimi,
315 2897 395 2962 quos
418 2875 568 2960 supplere
591 2874 785 2939 studuerunt
801 2872 955 2940 Goetzius
978 2874 1026 2957 (in
1042 2872 1196 2960 editione)
1219 2882 1251 2937 et
1267 2873 1304 2938 F.
1324 2873 1393 2940 Leo

170 2977 264 3057 (Mus.
287 2978 347 3043 er.
369 2976 538 3044 XXXIX
560 3000 591 3062 p.
614 2979 703 3061 470),
726 2998 822 3063 quem
845 2999 971 3063 sequor.

253 3077 321 3146 ST.
345 3079 454 3164 Quid?
478 3080 539 3144 hoc
561 3081 659 3146 etiam
682 3081 805 3147 unum?
838 3080 913 3145 ΕΡ.
937 3078 1016 3164 quid
1038 3078 1071 3142 id
1099 3086 1206 3143 autem
1236 3081 1393 3147 unumst?

983 3182 1111 3268 expedi.

255 3284 322 3353 ST.
342 3285 399 3351 Ad
421 3307 534 3351 cenam
556 3286 674 3353 ibone?
696 3286 770 3353 ΕΡ.
793 3286 820 3350 si
841 3286 997 3363 vocatus,
1021 3307 1152 3352 censeo..

256 3386 324 3453 ST.
348 3387 403 3455 Sic
425 3390 486 3455 hoc
508 3389 628 3476 placet:
657 3400 785 3476 rogato,
814 3411 878 3473 quo
901 3410 982 3454 eam.
1015 3386 1089 3452 ΕΡ.
1123 3386 1169 3450 nil
1195 3408 1318 3450 moror:

345 3490 407 3557 Ubi
429 3515 527 3558 cenas
550 3493 667 3559 hodie?
693 3492 761 3559 ST.
785 3492 831 3556 sic
854 3493 938 3556 hanc
954 3491 1112 3556 rationem
1128 3489 1241 3554 institi.

168 3614 209 3659 ac
230 3593 370 3678 primum
393 3595 524 3678 quidem
547 3619 588 3661 ex
613 3597 776 3662 sententia
805 3618 913 3661 eorum
934 3596 993 3667 ,vix
1023 3595 1195 3681 quisquam
1218 3591 1394 3659 Plautinae

169 3695 303 3782 originis
336 3697 567 3763 documentum
600 3702 737 3785 ceperit3
771 3722 846 3764 nam
880 3720 920 3762 ne
954 3696 1115 3762 tantillum
1149 3695 1280 3782 quidem
1316 3694 1394 3773 pugi

169 3798 309 3865 afferunt
331 3813 362 3866 et
384 3801 453 3865 sine
476 3800 542 3867 ullo
563 3802 692 3886 negotio
716 3801 892 3866 desiderari
916 3810 1061 3886 possunt,
1089 3799 1123 3864 id
1145 3799 1233 3885 quod
1254 3798 1289 3863 in
1313 3796 1395 3875 eius·

169 3903 257 3967 modi
278 3906 437 3982 versibus,
462 3927 542 3992 quos
558 3904 659 3968 altera
681 3904 825 3968 recensio
848 3926 912 3968 non
928 3905 1081 3981 continet,
1104 3917 1189 3968 certe
1210 3903 1392 3970 notandum

169 4016 227 4073 est.
271 4006 304 4070 in
327 4019 519 4093 argumento
548 4020 655 4077 autem
684 4029 815 4093 prorsus
844 4006 886 4070 ad
908 4006 1045 4090 ineptias
1074 4006 1278 4072 delabuntur.
1312 4004 1394 4071 nihil

171 4108 257 4172 enim
279 4109 311 4172 in
333 4109 372 4174 iis
395 4112 512 4196 agitur,
535 4110 597 4175 nisi
618 4123 656 4175 ut
677 4133 735 4199 per
753 4111 850 4174 miras
867 4109 1021 4196 ambages
1044 4108 1175 4172 tandem
1198 4106 1301 4175 oratio
1324 4129 1394 4193 per-

169 4213 280 4277 veniat
301 4213 343 4277 ad
364 4212 650 4298 interrogationem
677 4213 876 4279 tritissimum
899 4212 964 4291 ‚ubi
988 4233 1083 4276 cenas
1112 4208 1252 4275 hodiei‘.
1276 4209 1393 4276 deinde

169 4315 277 4380 nescio
300 4338 378 4380 num
400 4326 486 4380 recte
509 4320 655 4396 sentiam,
684 4318 710 4382 si
735 4316 927 4381 contendam
950 4312 1194 4399 interrogationi
1209 4313 1263 4390 ‚ad
1277 4335 1394 4380 cenam

169 4459 342 4466 ----—.-———
347 4459 354 4463 -
362 4459 370 4463 -

257 4539 278 4610 ¹)
295 4539 508 4597 Goetziusradm
524 4540 588 4596 crit.
606 4539 642 4594 ad
660 4557 684 4594 v.
698 4539 813 4606 ,Dubito
831 4540 866 4595 de
883 4540 937 4595 hoc
954 4541 1054 4594 versu‘.
