3136 5146
615 226 818 341 ,55-

105 441 193 510 modi
215 444 294 510 locis
317 467 454 529 usquam
477 446 679 512 recensiones
702 446 897 532 discrepant.
941 445 1119 513 sedetiam
1142 445 1212 513 sine
1234 448 1332 514 metri

105 547 282 615 mutatione
305 548 497 632 aliquotiens
521 549 647 614 codices
668 560 742 638 post
764 571 920 636 personae
937 548 1116 615 discessum
1134 568 1330 620 scaenarum

108 651 347 718 distinctionem
375 652 545 738 praebent,
569 676 633 719 non
661 653 730 718 sine
757 653 908 739 graviore
937 673 1036 717 causa
1063 652 1182 739 alege
1210 668 1331 720 cetero·

105 755 184 842 quin
206 755 379 821 observata
402 756 598 822 recedentes.
643 755 732 821 velut
754 756 842 840 quod
867 754 954 842 caps.
972 753 1003 822 V
1020 755 1048 832 1,
1064 754 1105 820 32
1129 768 1202 841 5551
1217 755 1330 823 Philo-

105 857 223 949 polemi
252 870 283 924 et
305 858 500 925 Philocratis
528 859 652 926 abitum
679 857 839 945 Hegionis
869 868 902 923 et
930 856 1091 943 Stalagmi
1119 857 1326 948 colloquium,

105 983 300 1048 quamquam
318 962 492 1048 septenarii
516 964 753 1039 continuantur,
769 982 853 1025 nova
869 981 987 1025 scaena
1002 960 1044 1025 ab
1061 960 1328 1028 antecedentibus

109 1078 310 1152 segregatur,
333 1064 528 1153 Spengelius
550 1064 806 1152 ingeniosissime
831 1062 907 1128 inde
934 1062 1126 1149 explicavit,
1153 1064 1242 1152 quod
1265 1065 1329 1132 slis

104 1166 201 1232 fuerit
216 1167 487 1246 antecedentium,
511 1168 575 1234 alia
590 1168 705 1234 horum
719 1165 976 1253 septenariorum
992 1165 1170 1233 modulatio
1187 1169 1326 1247 musics3

104 1291 180 1335 nam
208 1291 281 1335 cum
313 1292 431 1336 scaena
454 1270 486 1336 V
510 1273 525 1336 l
551 1270 734 1336 bacchiacis
757 1267 968 1352 tetrametris,
999 1268 1174 1335 octonariis
1203 1281 1237 1337 et
1259 1294 1326 1359 sep

104 1370 235 1436 tenariis
259 1371 441 1455 trochaicis,
465 1373 546 1438 haec
568 1394 644 1437 vero
659 1371 735 1438 solis
758 1371 949 1458 septenariis
971 1370 1132 1449 decurrat,
1154 1374 1272 1439 mutati
1294 1372 1326 1438 iu

104 1473 167 1538 hac
188 1473 275 1538 modi
298 1474 412 1540 musici
428 1474 585 1560 aptissimi
607 1484 699 1558 sunt;
724 1497 829 1562 neque
851 1475 913 1539 hoo
929 1473 1060 1561 quidem
1075 1472 1326 1561 neglegendum,

105 1598 192 1642 nunc
219 1577 349 1642 demum
377 1577 595 1666 Stalagmum,
628 1580 689 1642 etsi
718 1598 855 1643 scaenae
877 1576 948 1644 Vl
978 1576 1043 1641 iam
1072 1577 1228 1656 interluit,
1256 1599 1327 1663 pro

104 1678 218 1744 cedere
252 1689 284 1744 et
309 1678 413 1766 loqui,
447 1691 483 1745 ut
509 1704 574 1745 una
608 1701 680 1745 cum
710 1681 799 1746 abitu
827 1679 965 1745 duarum
993 1700 1205 1764 personarum
1233 1681 1327 1769 quasi

103 1802 189 1846 nova
209 1780 242 1845 iu
266 1802 416 1846 scaenam
441 1782 584 1868 prodeat.
614 1782 710 1848 etiam
726 1782 856 1870 saepius
879 1781 934 1848 ubi
958 1804 1023 1849 uua
1047 1792 1172 1849 tantum
1188 1804 1328 1873 persona

103 1897 175 1972 post
204 1895 383 1951 ceterorum
416 1885 538 1952 abitum
567 1887 601 1951 in
629 1908 746 1951 scaena
779 1907 948 1950 remanens
980 1885 1101 1951 eisdem
1134 1886 1328 1972 septenariis

103 1985 275 2052 trochaicis
309 1986 397 2073 loqui
432 1988 548 2075 pergit,
585 2010 625 2053 ex
661 1988 762 2053 veteri
796 1988 951 2054 memoria
986 2011 1070 2054 nova
1097 2008 1216 2054 scaena
1250 1988 1327 2055 inci-

103 2091 160 2178 511.
209 2089 298 2156 velut
327 2092 401 2155 Aul.
428 2090 485 2156 III
510 2092 532 2156 4
557 2094 604 2180 (v.
630 2091 708 2178 460)
741 2114 815 2158 cum
844 2089 986 2178 Congrio
1022 2091 1127 2172 abeat,
1158 2090 1328 2160 Euclionis

102 2194 252 2258 restantis
275 2192 465 2279 monologus
488 2193 615 2282 integra
636 2216 754 2260 scaena
776 2195 968 2273 continetur,
991 2217 1096 2285 neque
1119 2195 1212 2262 aliter
1236 2194 1326 2283 caps.

102 2294 154 2361 IV
168 2296 188 2361 3
203 2297 297 2383 (901)
320 2295 490 2381 Ergasilus
513 2309 682 2383 postquam
698 2297 881 2385 Hegionem
904 2297 1076 2363 abeuntem
1099 2298 1209 2365 verbis
1224 2297 1327 2377 ,Bene

103 2398 233 2465 ambula
261 2412 292 2464 et
321 2400 521 2465 redambula‘
543 2410 732 2489 prosecutus
763 2412 826 2478 est,
850 2421 934 2464 nova
957 2422 1075 2467 scaena
1096 2401 1185 2486 loqui
1208 2402 1327 2488 pergit.

102 2501 229 2587 utrique
263 2512 371 2567 autem
407 2502 476 2568 loco
505 2504 638 2590 egregia
671 2504 815 2569 defensio
846 2516 979 2591 paratur
1006 2505 1133 2573 duobus
1167 2504 1327 2572 Pseuduli

101 2603 192 2684 loeis,
215 2604 333 2693 quibus
355 2603 385 2669 P
407 2626 540 2671 scaenas
563 2606 727 2674 distinent.

189 2709 301 2775 Psasd.
324 2707 404 2772 112
428 2709 521 2795 (665)
542 2708 725 2775 Pseudolus
747 2708 939 2797 Harpagem
969 2712 1115 2778 caculam
1141 2709 1193 2776 his
1216 2709 1327 2777 verbis

102 2810 321 2899 prosequitur:

876 2897 985 2982 Atque
1007 2898 1116 2982 audin,
1139 2897 1324 2987 Harpage?

184 2999 268 3066 Iube
290 3000 334 3067 sis
356 3014 388 3066 te
410 2998 542 3087 operiri:
567 2998 679 3066 beatus
702 2999 775 3078 eris,
798 3001 825 3065 51
847 3000 1086 3067 consudaveris.

103 3187 263 3243 instituitur
272 3190 367 3260 Amph.
377 3187 444 3243 1010
456 3185 516 3259 [vix
528 3186 608 3258 digni
620 3187 668 3256 qui
680 3191 934 3241 commemorentur
946 3192 1013 3242 sunt
1021 3187 1080 3243 516.
1088 3187 1162 3260 858].
1179 3187 1251 3243 Aah
1264 3189 1315 3245 813

104 3273 164 3326 Aul.
189 3273 246 3328 105.
269 3274 328 3328 160.
350 3273 409 3328 580.
432 3272 489 3328 615.
514 3272 572 3327 677.
595 3271 654 3326 803.
677 3270 747 3342 [265.
770 3270 840 3340 271.)
876 3272 959 3343 Epist.
978 3274 1034 3328 161.
1052 3273 1111 3328 125.
1147 3272 1245 3328 Bccct.
1264 3274 1322 3329 929.

101 3358 160 3414 319.
182 3357 241 3413 913.
264 3357 337 3412 1067.
362 3357 441 3428 [7951
477 3357 556 3414 Most.
581 3358 621 3413 76.
643 3358 702 3411 681.
737 3357 809 3410 Men.
831 3359 890 3413 112.
912 3359 971 3412 550.
996 3358 1054 3414 668.
1078 3359 1136 3412 957.
1156 3358 1230 3415 1039.
1250 3358 1326 3415 1157.

103 3442 186 3514 [6981
230 3442 291 3496 Mil.
314 3442 382 3512 plor.
407 3442 465 3496 259.
491 3442 549 3496 315.
575 3443 633 3497 586.
657 3442 716 3498 867.
743 3443 816 3498 1388.
852 3444 935 3497 Marc.
958 3444 1017 3499 661.
1040 3443 1098 3499 789.
1141 3443 1239 3499 Pseud.
1266 3444 1326 3499 562.

102 3531 160 3585 759.
178 3528 237 3584 893.
272 3529 354 3583 Pom.
371 3527 430 3583 115.
452 3527 510 3582 810.
533 3526 591 3581 317.
627 3527 709 3582 Stich.
735 3528 792 3584 266.
815 3528 874 3583 137.
896 3528 1030 3583 191632.
1050 3525 1129 3598 [seu]
1169 3527 1241 3581 Tria.
1264 3529 1324 3583 190.

100 3616 160 3670 591.
182 3615 240 3670 717.
287 3613 442 3668 7155315.
465 3612 524 3667 335.
548 3613 606 3666 131.
631 3614 688 3669 758
723 3613 772 3681 qui
790 3631 860 3667 5555
878 3617 1018 3683 repugnat
1035 3613 1113 3667 locus
1136 3629 1154 3665 a
1171 3610 1325 3683 Spengelio

101 3699 219 3754 omissus
240 3700 312 3753 Men.
323 3697 468 3763 876-888,
487 3698 653 3752 correctoris
666 3714 780 3767 operam
792 3697 924 3763 ostendit,
943 3700 992 3767 qui
1005 3697 1138 3753 videlicet
1149 3696 1325 3752 Menaechmi

101 3788 130 3840 51
146 3785 221 3839 55515
239 3783 409 3851 subsequens
428 3782 609 3851 soliloquium
625 3799 681 3836 una
698 3799 799 3836 scaena
811 3799 958 3852 perperam
970 3781 1194 3853 comprehendit;
1213 3783 1248 3837 51.
1261 3781 1325 3838 Rit-

101 3870 200 3926 scholii
217 3869 280 3926 adn.
298 3869 335 3923 ad
351 3867 380 3926 V
391 3869 415 3924 3.
442 3869 519 3924 locos
536 3868 610 3935 illos,
628 3867 737 3937 quibus,
755 3885 818 3922 cum
836 3884 956 3937 persona
973 3866 1130 3933 decesserit,
1148 3868 1185 3922 ob
1202 3871 1325 3923 metrum

100 3959 240 4011 mutatum
249 3970 351 4009 novam
360 3971 488 4009 scaenam
496 3953 607 4008 codices
621 3952 777 4017 ordiuntur,
790 3952 924 4007 collectos
938 3952 1048 4007 invenis
1056 3951 1132 4022 apud
1140 3950 1325 4022 Spengelium

100 4042 119 4096 l.
138 4058 161 4095 5.
172 4059 200 4112 p.
215 4039 367 4096 273-277.
386 4039 514 4108 equitus
533 4056 580 4094 555
598 4037 693 4105 affero,
711 4038 813 4106 quibus
831 4042 949 4107 utraque
967 4038 1093 4093 recensio
1112 4037 1325 4092 distinctionem

101 4143 263 4182 scaenarum
281 4124 418 4179 servavit:
436 4124 535 4179 Bacch.
552 4122 601 4179 m
616 4126 634 4179 4
652 4122 733 4191 (500).
768 4123 843 4177 Pars.
860 4121 906 4180 IV
923 4125 940 4176 5
960 4123 1041 4192 (673).
1076 4123 1158 4177 Pocn.
1175 4119 1191 4176 1
1208 4122 1226 4176 3
1241 4123 1325 4191 (110).

101 4212 199 4266 Pseud.
224 4209 370 4280 Ι1(391).
406 4210 475 4264 Rus.
499 4207 596 4276 1114,
618 4209 652 4264 75
673 4207 758 4277 (780).
799 4208 872 4264 Trio.
891 4207 924 4263 II
940 4208 957 4262 3
973 4209 1055 4278 (392),
1073 4208 1123 4262 551
1150 4207 1180 4261 15
1207 4206 1231 4261 Β
1258 4224 1325 4262 casu

101 4296 247 4351 distinctio
265 4296 389 4352 evanuit.
423 4299 568 4364 praeterea
591 4294 718 4349 conferas
736 4293 822 4348 velim
846 4310 915 4362 quae
936 4294 966 4348 in
983 4292 1008 4348 P
1026 4292 1093 4347 solis
1111 4295 1239 4346 servatae
1256 4296 1324 4346 sunt

101 4381 295 4436 memorabiles
315 4379 508 4451 genuinasque
518 4381 578 4433 sine
596 4378 682 4434 dubio
695 4394 811 4434 scaenae
823 4378 980 4432 disiunctae
992 4379 1052 4432 Mil.
1065 4375 1325 4448 5155.Ν3(1091).

101 4465 199 4521 Buccis.
218 4465 290 4522 1vs
306 4466 386 4536 (761).
422 4464 502 4518 Most.
517 4464 568 4518 100
584 4462 765 4534 (Spengelius
783 4463 802 4517 l.
820 4480 844 4517 c.
861 4481 888 4532 5.
906 4463 974 4530 275).
1014 4463 1087 4516 Tria
1106 4462 1165 4517 908.

87 4772 172 4803 ‘Q
