3120 5138
678 326 878 427 -..aa-

166 542 275 596 turam
305 530 374 594 sine
403 531 501 597 dubio
528 530 760 596 restituendam
789 543 889 618 capto,
922 540 953 594 et
979 530 1050 614 ipsa
1078 528 1157 594 satis
1185 528 1321 614 languet
1346 562 1388 580 ·-

167 655 274 717 neque
303 634 388 697 enim
415 633 575 697 adiectivo
605 635 693 700 velut
719 635 833 710 calido,
864 637 937 698 seito
964 632 1034 696 sim.
1069 632 1111 695 ad
1131 633 1252 697 romilio
1279 630 1389 697 addito

171 757 284 800 carere
299 758 527 821 possumus-
542 753 573 801 et
590 749 733 803 removet
749 739 809 801 nisi
826 738 935 801 omnia
948 734 1064 800 fallunt
1079 734 1124 812 id,
1140 755 1204 818 quo
1218 734 1390 821 interpola

169 839 250 904 toris
273 861 372 926 opera
395 839 564 924 detegitur.
609 841 725 906 deinde
749 840 810 904 hoc
832 861 883 905 me
906 837 1048 915 offendit,
1072 837 1159 924 quod
1182 861 1202 903 a
1223 860 1303 904 voce
1319 841 1388 904 aar

167 965 234 1007 non
258 943 416 1007 sententia
439 953 497 1008 aut
517 942 622 1008 finalis
646 954 701 1008 aut
723 943 955 1029 interrogativa
977 940 1107 1025 pendet,
1135 939 1169 1003 id
1192 940 1278 1028 quod
1299 941 1388 1028 apud

165 1044 321 1111 Plautum
344 1045 413 1111 fieri
442 1045 536 1123 solet,
566 1046 761 1133 ubicumque
790 1046 870 1111 haec
901 1066 967 1110 vox
996 1043 1212 1129 deliberandi,
1245 1043 1388 1109 animum

165 1147 373 1225 attendendi,
402 1148 618 1233 prospiciendi
642 1148 804 1212 notionem
834 1147 938 1213 habet.
992 1147 1103 1229 itaque
1132 1145 1220 1211 haud
1247 1146 1313 1211 scio
1346 1168 1389 1211 an

165 1251 209 1315 de
231 1249 441 1315 Ambrosiani
467 1272 578 1316 versus
600 1251 726 1336 origine
747 1251 834 1314 idem
857 1251 981 1326 valeat,
1004 1250 1090 1333 quod
1114 1251 1153 1314 de
1176 1271 1272 1315 versu
1294 1249 1387 1314 Pala·

163 1357 315 1420 tinorum.
326 1356 353 1441 ¹)

254 1459 347 1520 Mero.
371 1457 444 1522 547.
467 1458 538 1522 548.
583 1456 746 1540 Demipho
774 1477 872 1520 senex
904 1457 1005 1521 amori
1028 1480 1061 1520 se
1090 1457 1387 1546 obtemperaturum

163 1581 237 1624 esse
260 1560 427 1623 confirmat
449 1559 497 1622 his
520 1558 641 1624 verbis:

252 1663 302 1726 A:
327 1662 432 1726 Breve
455 1664 520 1725 iam
542 1662 695 1726 relicuom
719 1662 803 1727 vitae
827 1661 1015 1746 spatiumst:
1039 1662 1116 1749 quin
1139 1685 1200 1751 ego

325 1765 510 1849 Voluptate,
534 1766 608 1829 vino
632 1776 662 1830 et
685 1787 793 1830 amore
816 1765 1029 1830 delectavere.

252 1869 296 1935 P:
318 1869 464 1934 Decurso
487 1869 627 1955 inspatio
650 1868 747 1933 breve
770 1869 856 1956 quod
881 1868 966 1932 vitae
989 1867 1174 1932 relicuomst
1186 1869 1212 1954 ⁹)

327 1970 508 2056 Voluptate,
531 1974 608 2037 vino
631 1982 663 2035 et
686 1994 793 2036 amore
817 1972 1028 2037 delectavere.

164 2073 240 2156 quis
274 2094 426 2155 umquam
461 2084 526 2137 tam
561 2075 722 2141 diversam
758 2076 901 2143 eiusdem
929 2073 1106 2139 sententiae
1133 2075 1270 2137 formam
1302 2073 1387 2139 inter

166 2173 314 2238 eiusdem
343 2176 508 2260 scriptoris
537 2178 665 2243 codices
694 2178 892 2244 intercedere
921 2178 1029 2244 vidit?
1063 2198 1162 2264 quam
1196 2176 1252 2264 qui
1285 2176 1387 2242 solitis

167 2278 411 2363 depravationis
442 2279 503 2343 viis
526 2292 635 2346 natam
658 2303 728 2346 ease
751 2280 866 2358 credit,
891 2302 1018 2346 omnem
1046 2280 1189 2364 profecto
1216 2278 1388 2366 probabili·

166 2392 267 2445 tatem
290 2381 387 2466 longe
412 2382 549 2449 excedit.
594 2395 705 2448 contra
727 2384 879 2449 facillime
902 2407 952 2447 res
975 2383 1158 2470 expeditur,
1186 2384 1213 2447 si
1236 2384 1289 2448 hie
1312 2404 1387 2470 quo-

167 2508 232 2574 que
261 2486 422 2550 diversam
452 2485 516 2548 iam
544 2487 576 2549 in
605 2486 743 2573 antiquis
772 2486 928 2563 sontibus,
964 2509 981 2549 e
1015 2485 1131 2573 quibua
1165 2485 1388 2551 recensionem

169 2601 318 2654 auctores
334 2590 522 2666 hauserunt,
538 2590 725 2653 memoriam
740 2591 838 2654 fuisse
856 2590 1035 2655 statuimus.
1070 2599 1167 2676 atque
1179 2589 1387 2655 Ambrosiani

168 2692 326 2757 memoria
365 2691 404 2755 ad
446 2713 575 2754 manum
614 2692 716 2777 ipsius
754 2691 864 2755 Plauti
902 2692 1034 2776 propius
1074 2691 1226 2756 accedere
1259 2691 1387 2756 videtur

165 2819 264 2880 quam
288 2795 326 2870 P,
350 2794 405 2858 sed
431 2795 666 2858 retractationis
694 2794 798 2857 factae
826 2795 858 2856 in
888 2816 924 2857 eo
954 2817 1080 2881 quoque
1104 2795 1276 2882 vestigium
1307 2794 1386 2860 satis

164 2900 373 2984 perspicuum
397 2909 551 2983 superest.
595 2906 682 2960 recte
706 2896 791 2959 enim
820 2906 987 2960 senserunt
1009 2897 1070 2961 viri
1101 2898 1188 2962 docti
1209 2899 1241 2961 in
1266 2900 1294 2962 A
1317 2921 1385 2963 sen-

165 3003 301 3067 tentiam
317 3002 543 3065 detrimentum
560 2998 722 3085 quoddam
746 3000 807 3062 etsi
829 3021 893 3062 uon
916 3022 1015 3082 grave
1032 3001 1142 3069 tulisse
1166 3009 1198 3064 et
1214 3001 1385 3066 subvenire

166 3104 361 3168 studuerunt
389 3104 572 3168 coniectura
599 3123 718 3176 ,amore
745 3100 779 3165 id
803 3101 1025 3177 delectavero‘,
1056 3102 1097 3167 ab
1119 3116 1256 3190 utraque
1277 3125 1385 3168 recen·

168 3209 259 3272 sione
283 3216 393 3271 contra
420 3210 576 3270 rationem
600 3204 816 3286 discedentem
847 3227 922 3268 nam
944 3216 1015 3268 utut
1043 3207 1076 3268 in
1099 3207 1263 3292 superiore
1290 3230 1384 3274 versu

165 3309 370 3375 recensiones
399 3308 535 3386 distant,
564 3309 699 3372 alterum
730 3331 746 3370 e
770 3308 930 3371 communi
960 3308 1135 3395 archetypo
1162 3308 1310 3395 religiose
1333 3333 1386 3377 ex·

167 3424 369 3500 presserunt3
402 3434 506 3500 neque
536 3413 624 3476 vocis
651 3413 686 3474 id
712 3411 837 3496 indiget
864 3411 1009 3475 recensio
1035 3410 1201 3490 Palatina3
1236 3413 1291 3477 sed
1324 3414 1387 3480 hoc

166 3518 284 3603 ipsum,
309 3516 394 3602 quod
423 3518 458 3578 id
479 3515 513 3578 in
536 3527 649 3578 neutra
672 3514 857 3578 recensione
886 3525 987 3592 extat,
1018 3515 1159 3579 dilucide
1188 3516 1387 3583 demonstrat

166 3621 202 3683 in
234 3620 394 3682 communi
424 3618 599 3703 archetypo
627 3617 797 3682 relativum
821 3619 902 3702 qaod
923 3617 956 3680 in
980 3618 1005 3680 Ρ
1028 3618 1135 3683 adhuc
1158 3619 1310 3687 traditum
1333 3642 1385 3686 ex·

167 3722 281 3800 titisse,
304 3723 336 3785 in
360 3720 569 3786 Ambrosiani
593 3733 698 3784 autem
722 3721 898 3805 archetypo
921 3721 990 3785 eius
1012 3722 1083 3785 loco
1099 3743 1210 3786 vocem
1233 3726 1296 3787 iam
1317 3745 1387 3808 per·

166 3847 280 3911 peram
295 3823 475 3888 subiectam
499 3845 587 3901 esse3
604 3845 699 3910 quem
716 3826 894 3888 sententiae
911 3824 1032 3887 hiatum
1048 3823 1122 3888 inde
1139 3824 1215 3888 oriri
1230 3847 1287 3890 nos
1310 3847 1387 3889 sane

168 3926 467 4003 animadvertimus,
492 3948 554 3990 non
570 3926 646 3990 item
663 3927 890 3991 animadvertit
906 3927 960 4014 qui
976 3949 1105 3990 versum
1120 3925 1226 4009 finxit3
1249 3926 1387 3992 eundem

166 4030 265 4095 etiam
300 4028 377 4094 alibi
405 4051 536 4093 versum
565 4030 709 4115 tetigisse
739 4051 779 4092 ex
807 4030 934 4094 insolito
965 4028 1054 4092 verbi
1081 4029 1222 4093 relicuom
1251 4039 1387 4097 accentu

159 4323 164 4330 ι
255 4288 276 4356 ¹)
293 4286 413 4340 Prorsus
440 4285 495 4340 alic
518 4285 601 4339 modo
626 4289 655 4339 et
676 4285 750 4338 hunc
774 4285 867 4338 locum
891 4285 1026 4338 tractavit
1044 4283 1226 4352 Niemeyerus
1247 4302 1274 4357 p.
1298 4285 1332 4339 32
1359 4287 1389 4339 et

166 4374 252 4427 Mero.
270 4373 320 4426 547
338 4389 377 4439 sq.
394 4389 422 4439 p.
441 4373 455 4423 7
474 4387 513 4438 sq.

254 4476 276 4540 ²)
294 4475 445 4543 reliquuntur
467 4471 564 4536 ΒΟΙ),
587 4487 639 4540 pro
662 4488 717 4538 quo
740 4471 830 4525 forma
853 4471 1060 4538 quadrisyllabo
1084 4469 1259 4524 restituenda
1282 4475 1339 4536 est,
1363 4471 1389 4526 ai

170 4559 282 4631 quidem
305 4576 400 4613 versus
424 4559 595 4621 formarunt,
626 4558 671 4630 qui
692 4557 876 4615 retractandis
895 4556 1047 4614 comoediis
1066 4572 1179 4631 operam
1197 4555 1343 4614 dederunt.
