3120 5138
754 231 957 330 „AO-.-

251 434 478 520 gravissimum
515 458 589 501 vero
625 447 688 514 est,
733 436 819 520 quod
852 459 917 500 non
953 436 1054 501 solum
1089 458 1106 499 e
1136 459 1165 500 v.
1193 436 1255 501 451
1289 436 1321 500 in
1350 460 1382 502 v.
1412 438 1477 502 433

251 536 350 601 verbu
373 539 530 603 translata
552 547 639 621 sunt,
664 539 720 603 sed
742 538 880 603 invicem
904 560 921 602 e
945 561 974 605 v.
989 538 1052 602 433
1075 538 1106 602 in
1130 562 1161 602 v.
1183 539 1256 616 451,
1280 539 1372 605 euius
1395 540 1477 606 haec

249 641 404 706 memoria
427 651 489 706 est:

335 743 385 809 A:
409 742 532 809 Sintne
555 743 611 806 illa
633 764 725 806 vera
748 765 848 808 necne
874 764 956 827 quae
980 743 1037 807 tibi
1061 744 1253 809 renuntiant.

335 845 379 910 P:
400 845 472 912 Sint
493 846 549 910 illa
571 867 696 910 necne
719 845 810 922 sint,
835 867 917 930 quae
941 844 998 910 tibi
1021 845 1214 910 renuntiant.

253 946 386 1012 verbum
410 972 480 1013 cero
502 971 543 1013 ex
566 949 629 1013 433
652 947 882 1035 interpolatum
902 959 934 1013 et
953 951 1012 1012 siat
1029 950 1165 1014 eiectum
1182 949 1259 1034 quia
1277 949 1318 1013 ad
1335 951 1475 1016 eundem

250 1058 493 1115 retractatorem
527 1050 694 1114 referenda
733 1071 802 1114 esse
831 1062 979 1137 apparet,
1020 1050 1076 1137 qui
1104 1072 1217 1115 versus
1247 1050 1310 1116 433
1339 1051 1476 1117 alteram

250 1152 386 1217 formam
411 1153 585 1232 constituit,
608 1163 731 1217 tantum
754 1174 817 1217 non
841 1164 1038 1231 certumest,
1062 1175 1134 1217 eum
1158 1154 1257 1218 etiam
1280 1178 1393 1221 versus
1413 1157 1475 1220 451

248 1276 367 1319 novam
388 1257 524 1320 formam
547 1256 708 1321 editurum
729 1255 829 1320 fuisse
851 1256 914 1320 tale
938 1257 1017 1342 quid
1039 1256 1202 1321 molitum:

335 1357 446 1423 Sintne
469 1358 526 1422 illa
547 1379 634 1436 vera,
658 1359 742 1443 quae
763 1358 823 1425 tibi
845 1359 1032 1425 renr'rntiant

250 1461 319 1553 sive

337 1564 451 1630 Sintne
475 1562 531 1627 illa
554 1586 630 1630 vera
653 1587 754 1629 necne
776 1586 861 1649 quae
883 1565 1078 1630 renuntient.

249 1678 286 1732 ut
318 1666 407 1731 illam
440 1668 546 1754 potius
574 1667 616 1731 ad
646 1680 808 1732 auctorem
834 1667 1029 1733 recensionis
1063 1667 1214 1748 referam,
1250 1687 1288 1730 eo
1322 1667 1477 1746 adducor,

251 1770 337 1858 quod
350 1793 422 1836 cum
435 1772 494 1833 sint
505 1769 671 1850 deleverit,
688 1771 841 1857 proclivis
857 1782 905 1835 est
923 1773 1115 1848 coniectura,
1134 1791 1207 1833 eum
1223 1770 1321 1834 etiam
1338 1769 1476 1837 verbum

251 1895 348 1951 necne,
371 1894 391 1936 a
414 1895 477 1959 quo
500 1875 559 1937 sint
582 1872 779 1961 dependeat,
809 1885 864 1938 aut
887 1895 1073 1962 expungere
1095 1872 1236 1936 voluisse
1260 1883 1373 1937 autre
1397 1895 1477 1938 vera

252 1975 463 2061 expunxisse,
496 1975 529 2039 id
553 1976 638 2063 quod
661 1977 756 2041 facile
780 1976 820 2041 ab
849 1976 904 2054 eo,
939 1976 994 2061 qui
1024 1974 1168 2040 codicem
1196 1986 1263 2038 tum
1294 1974 1477 2062 descripsit,

251 2078 380 2166 neglegi
415 2079 528 2165 potuit.
583 2089 654 2144 utut
687 2101 738 2143 res
772 2101 805 2144 se
829 2078 939 2159 hebet,
975 2079 1014 2143 de
1042 2077 1228 2143 recensione
1261 2078 1294 2140 in
1328 2077 1362 2140 A
1390 2078 1478 2143 facta

253 2181 394 2246 dubitari
427 2203 490 2245 non
518 2203 613 2266 posse
639 2205 668 2248 v.
695 2181 759 2246 433
788 2182 927 2258 docet¹l
977 2181 1078 2245 nihilo
1111 2181 1210 2246 setius
1243 2178 1336 2244 initio
1363 2202 1477 2247 versus

251 2284 313 2347 viri
337 2284 422 2349 docti
445 2306 516 2349 cum
539 2284 574 2349 A
598 2285 794 2371 scripserunt
817 2288 944 2350 sintne
965 2286 1020 2348 itta
1041 2305 1131 2348 necne
1152 2286 1211 2347 sint
1233 2294 1342 2367 spreta
1355 2281 1477 2349 Palati-

252 2409 365 2451 norum
388 2386 549 2473 scriptura
570 2389 645 2451 sint
666 2389 722 2451 itta
744 2410 832 2452 necne
852 2391 926 2465 eint3
949 2397 982 2451 at
1004 2386 1085 2450 haec
1099 2385 1285 2472 recipienda
1308 2394 1365 2464 est,
1390 2387 1477 2471 quod

254 2489 376 2553 ratione
400 2498 528 2553 totum
553 2509 681 2553 versum
705 2511 747 2554 ex
762 2489 792 2553 P
816 2489 997 2574 exprimere
1013 2487 1171 2567 iubemur,
1197 2497 1370 2575 postquam
1393 2489 1428 2552 in
1444 2489 1478 2554 A

255 2591 473 2656 recensionem
497 2591 677 2669 statuimus,
706 2615 745 2656 ne
770 2593 848 2678 quid
872 2592 978 2657 dicam
1005 2592 1045 2656 de
1068 2591 1188 2655 rariore
1216 2591 1477 2676 interrogationis

252 2693 355 2760 forma
377 2694 410 2757 in
433 2694 462 2758 Ρ
481 2693 618 2771 tradita,
646 2716 743 2778 quam
772 2718 792 2759 a
812 2695 1025 2780 grammatico
1053 2695 1216 2760 invectam
1243 2715 1313 2759 esse
1336 2694 1405 2758 veri
1430 2705 1477 2759 est

253 2796 512 2860 dissimillimum.
547 2796 701 2860 discimus
724 2808 831 2861 autem
855 2818 897 2861 ex
919 2797 980 2861 hoc
1003 2797 1073 2861 loco
1096 2805 1259 2861 auctorem
1280 2797 1476 2862 recensionis

252 2899 483 2987 grammaticae
505 2921 569 2964 non
586 2898 689 2964 obiter
711 2899 838 2965 fabulas
854 2899 932 2965 dum
953 2898 1076 2984 legeret
1091 2899 1278 2977 correxisse,
1302 2899 1475 2964 sedetiam

252 3023 365 3065 versus
400 3022 605 3086 comparasse
641 3012 672 3067 et
709 3002 790 3067 alios
827 3024 939 3068 versus
973 3002 1015 3066 ad
1048 3001 1184 3067 aliorum
1218 3002 1474 3067 emendationem

255 3103 451 3170 adhibuisse.

297 3205 389 3271 Sciat
414 3205 476 3271 393

337 3309 382 3372 A:
416 3307 557 3376 Vidistin
596 3308 703 3374 virum
736 3307 853 3373 sororis
885 3301 1162 3395 Pamphilum?
1190 3308 1324 3396 lN011·
1352 3310 1360 3396 ll
1387 3309 1476 3376 Non

1018 3411 1132 3476 adest?

342 3509 386 3576 P:
412 3510 553 3577 Vidistin
582 3511 687 3575 virum
715 3511 831 3576 sororis
860 3510 1207 3602 Pamphilippum?
1246 3513 1334 3581 Non
1363 3513 1477 3579 adest?

252 3624 363 3677 notum
401 3623 449 3678 est
488 3606 701 3678 Ritschelium
738 3613 800 3678 hoc
832 3614 979 3702 inprimis
1017 3637 1112 3683 versu
1150 3617 1255 3682 nisum
1299 3617 1332 3680 in
1373 3615 1477 3681 Stichi

254 3715 392 3781 editione
430 3715 551 3800 ubique
590 3737 704 3780 nomen
741 3717 923 3804 Pamphilae
954 3740 1013 3803 pro
1047 3741 1099 3802 eo,
1145 3719 1230 3807 quod
1265 3718 1411 3806 alioquin
1445 3719 1478 3783 in

254 3819 428 3904 codicibus,
453 3820 551 3883 etiam
566 3819 599 3883 in
614 3818 659 3896 A,
676 3818 814 3884 traditur
827 3821 1072 3908 Pompla'ltppns,
1089 3821 1247 3887 violenter
1264 3819 1477 3887 substituisse.

254 3922 341 4008 quod
369 3943 443 3988 curn
466 3921 522 3986 vix
545 3921 697 4007 cuiquem
724 3920 924 4008 probaverit,
953 3945 1055 4008 nuper
1084 3923 1219 3989 verbum
1240 3924 1478 4012 Pamphilippus

342 4195 363 4263 ¹)
379 4194 415 4249 In
432 4194 456 4250 P
475 4210 585 4262 quoque
608 4195 683 4250 locos
701 4195 837 4262 inveniri,
860 4197 961 4263 quibus
979 4195 1120 4265 duplicem
1138 4195 1248 4250 codices
1265 4199 1478 4265 repraesentent

254 4279 418 4347 lectionem,
436 4284 653 4334 consentaneum
671 4283 725 4346 est,
744 4297 776 4333 ac
793 4280 938 4334 nominare
955 4279 1060 4335 sufficit
1082 4281 1153 4334 Tria.
1173 4280 1246 4334 1188.
1282 4283 1407 4334 ceterum
1424 4281 1478 4335 hoc

255 4364 376 4435 duplicis
402 4365 572 4420 recensionis
600 4382 688 4434 genus
711 4365 795 4435 longe
820 4364 905 4418 latius
929 4367 1020 4435 petet,
1047 4381 1130 4434 quam
1152 4364 1242 4420 adhuc
1265 4364 1368 4419 aviris
1386 4364 1478 4419 doctis

255 4449 399 4519 cognitum
417 4454 468 4506 est.
