3120 5138
747 326 808 398 172

674 424 876 434 ..μ-...-

209 538 276 603 us.
298 537 373 623 ,aa
395 536 459 602 374

250 639 300 706 A:
323 640 396 706 Non
420 641 498 706 mibi
520 649 654 728 possunt
675 640 771 704 minis
794 640 856 704 tuis
878 640 967 704 hisce
990 642 1092 708 oculis
1115 644 1254 709 exfodiri

250 743 295 809 B:
317 743 394 811 Non
415 752 550 830 possunt
572 742 651 807 mihi
673 742 821 807 minaciis
844 744 907 808 tuis
928 744 1018 810 bisce
1040 745 1142 811 oculis
1164 746 1264 812 fodiri

219 845 293 911 OD:
313 845 388 912 Non
412 846 488 911 mihi
513 855 647 932 possunt
669 845 816 912 minaciis
839 847 901 911 tuis
924 846 1013 912 hisce
1035 849 1121 915 oculi
1141 850 1249 917 fodiri.

166 948 199 1012 in
227 959 364 1034 utraque
392 950 579 1015 recensione
607 971 719 1016 versus
742 960 959 1016 correctorum
988 973 1122 1016 manum
1150 962 1306 1040 expertus
1328 963 1378 1032 est,

166 1051 212 1115 ita
233 1061 356 1135 tamen,
386 1051 521 1140 utquid
549 1053 583 1116 in
605 1052 782 1140 archetypo
803 1054 950 1140 principe
977 1054 1074 1120 fucrit
1101 1055 1252 1141 indagari
1279 1056 1380 1141 possit

165 1155 392 1242 etenimquod
415 1156 449 1219 in
472 1155 498 1220 P
520 1155 640 1242 legitur
655 1157 767 1244 fodiri,
790 1155 848 1221 etsi
872 1179 891 1220 a
911 1156 1043 1242 linguae
1065 1157 1301 1224 consuetudine
1323 1182 1378 1223 non

166 1256 248 1322 adeo
281 1257 432 1323 abhorret
465 1268 561 1346 atque
588 1257 767 1324 Ritschelio
794 1258 902 1347 Opone.
924 1259 963 1324 Π
985 1281 1017 1345 p.
1041 1259 1104 1347 650
1131 1260 1238 1326 visum
1270 1271 1319 1326 est
1346 1301 1382 1312 -

167 1359 209 1424 cf.
232 1358 329 1426 Ovid.
353 1383 382 1425 a.
405 1382 433 1428 a.
455 1357 475 1424 I
497 1358 559 1425 339
582 1361 671 1444 ,quid
693 1361 778 1427 fodis
800 1362 983 1440 immeritis,
1010 1361 1149 1440 Phineu,
1178 1385 1238 1429 sua
1268 1364 1382 1431 lumina

165 1463 261 1527 natis‘
287 1500 331 1510 —
358 1472 466 1526 tamen
492 1461 644 1529 Plautino
671 1463 745 1529 usui
778 1465 977 1549 refragatur,
1016 1486 1081 1548 quo
1110 1465 1260 1549 enfodiri,
1296 1467 1383 1534 utA

166 1563 316 1651 praebet,
346 1564 550 1651 efflagitatur.
594 1588 690 1652 porro
719 1565 752 1629 in
781 1565 811 1630 A
833 1570 933 1642 misia,
965 1569 997 1632 in
1020 1565 1050 1632 P
1071 1571 1211 1632 minaciis
1240 1568 1381 1656 legimus.

166 1690 281 1734 vocem
312 1671 474 1746 miseriae,
510 1690 608 1753 quam
641 1667 838 1733 Ritschelius
871 1669 963 1734 initio
996 1670 1125 1736 omnino
1159 1671 1287 1737 nullam
1321 1694 1382 1738 esse

168 1771 310 1849 dixerat,
343 1781 456 1860 postea
484 1769 618 1858 (ibidem
646 1771 680 1835 in
708 1771 929 1860 adnotatione)
960 1795 977 1837 e
1005 1773 1211 1861 popularium
1241 1796 1383 1842 sermone

169 1875 372 1962 desumptam
388 1895 457 1938 esse
472 1896 567 1960 posse
583 1874 750 1953 concessit,
773 1876 931 1963 analogiis
948 1875 1024 1940 satis
1047 1877 1207 1941 firmatam
1230 1901 1305 1944 esse
1319 1889 1383 1966 post

166 1977 303 2066 Hauptii
319 1999 413 2044 curas
426 1981 519 2041 nemo
533 1976 680 2065 negabit3
704 1979 743 2045 cf.
759 1981 824 2042 iad.
841 1980 904 2043 lect.
917 1979 1021 2046 Berol.
1036 1978 1119 2044 1856
1133 2001 1164 2065 p.
1180 1980 1221 2048 10
1231 2015 1268 2034 =
1284 1981 1340 2070 Op
1351 1981 1383 2047 Π

166 2103 197 2167 p.
222 2081 293 2149 110.
316 2081 480 2146 invenitur
501 2089 611 2145 autem
638 2080 723 2145 Troo.
747 2081 810 2146 948

250 2183 383 2249 Meliust
404 2193 436 2249 te
458 2184 554 2248 minis
578 2194 702 2249 certare
723 2205 860 2261 mecum,
884 2205 981 2268 quam
1003 2184 1151 2250 minaciis

167 2285 432 2356 cruentabit.

251 2390 301 2456 A:
324 2389 482 2456 Minacias
506 2412 566 2476 ego
588 2389 680 2456 flocci
702 2412 767 2454 non
788 2389 907 2456 faciam
929 2399 1002 2456 tuas

251 2493 294 2559 P:
318 2491 476 2558 Minacias
499 2515 559 2578 ego
582 2495 660 2557 istas
682 2492 774 2558 flocci
796 2514 861 2556 non
882 2493 968 2558 facio
990 2504 1071 2559 tuas.

169 2618 208 2662 ac
222 2595 409 2663 Rassowius
429 2596 481 2684 (de
498 2597 606 2660 Plauti
623 2595 860 2660 substantivum
876 2619 946 2659 ann.
957 2597 1036 2683 phil.
1052 2597 1149 2684 suppl.
1167 2595 1246 2662 XII
1261 2619 1295 2683 p.
1313 2597 1383 2683 593)

166 2720 224 2764 sno
258 2699 327 2764 iure
360 2700 485 2764 monuit
517 2699 648 2763 minime
678 2699 745 2763 veri
779 2699 882 2763 simile
916 2721 985 2763 esse
1019 2723 1090 2764 eam
1118 2703 1272 2781 formam,
1308 2723 1383 2787 quac

164 2813 238 2891 post
258 2803 412 2869 Plautum
434 2802 467 2866 in
488 2801 604 2866 litteris
627 2801 734 2866 latinis
751 2824 814 2867 uon
834 2802 995 2867 invenitur
1019 2814 1050 2867 et
1071 2803 1144 2868 sine
1163 2803 1263 2870 dubio
1279 2805 1381 2871 nullus

166 2905 317 2971 librarius
340 2918 490 2984 noverat,
521 2927 727 2990 aquoquam
754 2905 877 2969 illatam
905 2926 974 2970 csse
998 2907 1028 2971 in
1055 2906 1221 2972 Palatinos
1252 2908 1384 2974 codices.

168 3009 266 3073 immo
283 3018 533 3074 consentaneum
557 3009 703 3072 essehoc
725 3009 796 3073 loco
816 3020 850 3072 ut
872 3009 1001 3094 saepius
1017 2999 1235 3075 Ambrosiano
1253 3012 1385 3076 formam

168 3113 330 3178 noviciam
353 3110 518 3176 obtrusum
542 3133 621 3175 csse.
667 3120 763 3196 atque
786 3111 819 3175 in
834 3109 995 3176 Rudentis
1018 3132 1124 3191 versu,
1146 3135 1222 3177 cum
1244 3117 1387 3180 minucias

168 3227 303 3303 utraque
338 3213 481 3279 recensio
510 3213 676 3296 exhibeat,
711 3217 784 3278 istae
811 3236 903 3292 vero,
939 3237 1002 3301 quo
1032 3215 1066 3279 in
1096 3214 1172 3280 solis
1201 3214 1229 3279 P
1262 3227 1387 3283 servato

170 3330 307 3383 metrum
323 3315 481 3395 turbatur,
497 3338 628 3403 prorsus
646 3316 781 3381 otiosum
798 3316 837 3381 sit
853 3316 907 3404 (cf.
927 3317 1011 3384 Troe.
1028 3317 1119 3406 948),
1131 3338 1236 3402 paene
1251 3319 1387 3385 dixerim

169 3421 286 3486 rationi
321 3443 519 3507 repugnare,
553 3419 581 3484 si
615 3421 687 3507 quis
725 3432 762 3484 ut
795 3423 868 3484 istas
900 3431 1058 3499 servaret,
1092 3441 1295 3508 quamquam
1330 3445 1389 3488 vox

169 3526 317 3589 mirariue
338 3534 374 3588 ut
398 3523 500 3588 latina
528 3522 605 3588 satis
627 3522 791 3589 vindicata
815 3534 872 3602 cst,
901 3527 999 3588 minua
1021 3547 1038 3589 e
1062 3524 1247 3589 coniectura
1272 3524 1389 3591 scribat

169 3648 229 3692 nec
261 3627 368 3711 potius
405 3627 660 3693 Ambrosianum
695 3639 823 3693 secutus
857 3630 929 3691 ritca
957 3627 1061 3694 eiciat.
1116 3624 1214 3710 idque
1249 3626 1277 3690 si
1305 3637 1388 3694 recte

171 3730 371 3816 disputatum
404 3741 465 3813 est,
500 3731 565 3794 iam
601 3729 758 3795 dubitatio
793 3730 883 3794 nulla
919 3741 967 3793 est
1001 3729 1080 3813 quin
1115 3729 1224 3793 versui
1262 3750 1388 3816 quoque

169 3832 284 3898 Militis
306 3831 438 3919 gloriosi
460 3855 524 3897 vox
547 3836 684 3897 minaciis
711 3831 910 3899 restituenda
938 3833 987 3899 sit.
1031 3833 1140 3920 itaque
1168 3832 1195 3895 si
1224 3853 1266 3897 ex
1288 3832 1324 3899 A
1347 3856 1389 3898 ec·

163 3935 275 4022 fodiri,
299 3957 338 4000 ex
355 3932 385 3998 P
406 3936 544 3998 minaciis
563 3933 757 4013 reducimus,
780 3933 937 4009 habemus
957 3935 1094 3999 formam
1111 3955 1235 4013 versus,
1258 3935 1387 4020 qualem

168 4039 203 4103 in
226 4038 403 4122 archetypo
427 4036 573 4122 principe
595 4036 694 4101 fuisse
717 4037 942 4122 spoponderim

253 4141 330 4206 Non
353 4151 489 4228 possunt
509 4137 588 4204 mihi
610 4139 757 4204 minaciis
780 4140 842 4204 tuis
865 4139 953 4214 hisce
975 4138 1077 4205 oculis
1100 4136 1250 4204 exfodiri.

171 4245 226 4329 qui
249 4243 409 4332 quomodo
430 4243 465 4308 in
480 4241 560 4307 duas
575 4243 695 4307 formas
710 4241 851 4319 easdem,
874 4263 954 4328 quas
970 4241 999 4304 A
1016 4249 1047 4305 et
1062 4240 1091 4304 P
1112 4239 1205 4306 nobis
1220 4239 1389 4325 praebent,

171 4347 286 4414 abierit
308 4345 546 4435 apertissimum
569 4356 634 4423 est;
662 4343 780 4410 etenim
803 4365 876 4409 cum
899 4365 1010 4409 versus
1033 4345 1117 4409 iusto
1145 4342 1275 4429 longior
1299 4351 1389 4427 esset,

171 4450 270 4513 variis
293 4450 396 4516 modis
428 4448 597 4535 utriusque
626 4447 821 4520 recensionis
845 4457 993 4514 auctores
1015 4456 1117 4511 metro
1145 4445 1391 4513 consuluerunt:

171 4549 408 4619 Ambrosianae
430 4552 627 4618 recensionis
651 4559 764 4616 auctor
785 4553 875 4615 minis
895 4571 955 4637 pro
975 4551 1128 4627 minaciis,
1157 4569 1258 4634 quam
1281 4571 1393 4616 vocem
