3120 5138
168 461 339 546 Niemeyer
366 484 397 546 p.
421 461 477 524 53:
520 463 707 535 ,ineolumem
733 485 773 526 ex
801 464 904 548 spatio
932 461 1128 526 interlineari
1164 463 1319 549 inrepsit3
1353 463 1391 528 cf.

168 563 313 628 labbaei
337 573 368 627 et
384 564 503 629 Isidori
525 566 672 650 glossas.‘
706 564 762 628 sed
786 577 813 629 tu
836 586 964 652 quoque
988 586 1066 629 casu
1089 566 1228 629 eiectum
1244 588 1315 631 esse
1331 590 1392 632 non

169 666 264 730 t'aeile
288 667 434 744 credam3
457 667 555 731 immo
579 667 706 731 videtur
731 669 823 732 metri
845 669 951 753 gratia
973 679 1133 733 remotum
1155 690 1234 734 esse.

250 768 349 833 Addo
362 781 485 834 eeteros
497 770 593 851 locos,
602 770 718 857 quibus
731 787 785 835 aut
798 771 986 856 glossatoris
998 771 1155 836 industria
1168 786 1223 837 aut
1235 771 1393 849 recensio,

167 894 232 958 qua
255 870 355 938 verba
376 873 505 954 novicia
527 873 560 936 in
584 872 690 937 locum
713 873 931 939 obsoletorum
954 874 1183 953 inferebantur,
1219 875 1392 940 statuenda

167 988 214 1040 est
222 1000 231 1053 ;
254 976 293 1039 cf.
317 974 532 1060 Niemeyerus
555 999 586 1061 p.
609 975 659 1042 54.

249 1079 334 1142 Pers.
361 1078 425 1144 408
468 1081 565 1142 iuiure
598 1079 634 1156 P,
666 1081 789 1164 periure
817 1078 867 1157 A;
906 1077 1120 1164 Niemeyerus
1154 1078 1200 1165 (p.
1227 1079 1286 1167 48)
1319 1080 1394 1144 citat

166 1182 310 1268 glossam
323 1179 420 1248 Verri
434 1180 546 1245 Flacci
561 1183 703 1254 doiorum,
717 1184 883 1267 periurum,
896 1183 937 1244 ad
952 1181 1051 1245 alium
1062 1167 1168 1246 locum
1182 1191 1392 1267 spectantem.

249 1284 361 1347 Pseud.
385 1282 448 1347 700
481 1284 642 1369 propititus
670 1283 708 1361 P,
747 1287 836 1347 scitus
859 1285 903 1360 A,
938 1294 973 1347 ut
1000 1283 1180 1349 Ritscholio
1210 1282 1393 1350 videbatur.

252 1388 341 1450 Most.
367 1386 429 1449 765
456 1386 509 1449 sul)
533 1388 587 1448 diu
609 1385 648 1464 P,
675 1387 728 1450 suo
751 1388 810 1450 sule
832 1387 872 1463 A,
900 1387 1035 1451 fortasse
1057 1409 1099 1452 ex
1123 1411 1153 1451 v.
1176 1386 1249 1454 767.

259 1489 343 1552 Teuc.
368 1511 397 1555 v.
421 1488 484 1552 310
506 1512 555 1573 sq.
578 1489 757 1556 Schoellius
781 1489 827 1552 sic
851 1488 965 1554 edidit:

253 1591 316 1656 309
894 1613 958 1655 non
982 1592 1067 1656 enim
1091 1592 1157 1658 illic
1179 1594 1395 1661 meretriculis

251 1693 314 1757 310
335 1692 590 1758 Moeniendis
612 1717 680 1759 rem
704 1694 817 1779 coegit,
841 1716 953 1758 verum
977 1695 1172 1780 parsimonia

251 1797 313 1864 311
337 1796 541 1884 Duritiaque,
553 1820 653 1881 quae
666 1819 751 1862 nunc
761 1795 956 1860 advosclam
968 1807 1197 1883 exportatur,
1210 1820 1394 1883 pessumae.

253 1898 315 1963 312
339 1898 406 1965 Vos
430 1923 511 1965 eam
535 1893 663 1978 exeatis,
687 1899 920 1987 exunguimini,
944 1900 1110 1965 exbibitis:
1135 1923 1162 1964 e.
1186 1923 1217 1987 q.
1241 1924 1267 1966 s.

165 2002 230 2067 310
250 2005 416 2067 muniendis
437 2002 482 2080 P;
506 2006 702 2067 munerandis
724 2004 758 2067 A
781 2025 821 2066 ex
845 2003 1045 2081 recensione3
1075 2025 1178 2087 neque
1201 2005 1234 2068 in
1258 2027 1395 2090 sequen-

169 2106 255 2171 tibus
294 2105 442 2170 versibus
480 2107 670 2171 correctoris
704 2106 789 2170 mala
826 2105 980 2170 sedulitas
1015 2129 1079 2170 non
1112 2106 1394 2174 animadvertitur.

167 2209 318 2275 Kochius
347 2210 432 2273 enim
460 2211 493 2273 in
516 2210 720 2275 Fleckeiseni
749 2210 851 2272 annul.
875 2208 936 2276 OV
959 2233 990 2296 p.
1013 2208 1076 2272 366
1105 2209 1338 2275 demonstravit
1362 2212 1395 2276 in

166 2312 195 2376 P
218 2311 317 2376 verba
340 2334 417 2398 quae
433 2351 471 2358 -
489 2300 664 2398 asportatur
679 2323 709 2376 et
725 2334 792 2375 eum
814 2311 914 2397 (quod
938 2312 1015 2375 latet
1039 2313 1072 2375 in
1095 2317 1155 2396 em)
1180 2336 1227 2376 vos
1255 2318 1396 2396 [calestra

167 2416 248 2480 bene
270 2416 382 2479 referri
405 2414 447 2478 ad
469 2437 532 2478 uem
555 2415 655 2500 (310).
695 2437 791 2498 quem
815 2436 973 2480 conexum
998 2415 1093 2479 solvit
1108 2415 1164 2498 qui
1180 2415 1394 2482 Ambrosiani

166 2519 381 2604 archetypum
404 2518 563 2583 recensuit
586 2518 646 2581 hac
669 2518 829 2605 scriptura
852 2518 997 2582 invecta:
1021 2540 1097 2604 quoe
1121 2558 1159 2568 -
1184 2531 1393 2606 asportantur,

167 2632 200 2687 et
222 2644 257 2685 eu
278 2644 328 2686 uos
350 2624 427 2688 estes.

251 2724 348 2810 Epio.
371 2722 434 2789 658

207 2826 258 2891 A:
281 2825 346 2891 Sed
369 2834 540 2901 mement0,
563 2824 590 2888 si
613 2825 691 2910 quid
714 2825 878 2890 saeuiuit
901 2847 1013 2890 senex

278 2929 452 3015 Suppetias
475 2927 554 2991 mihi
577 2928 672 2994 ferre.

166 3033 209 3096 P:
232 3032 411 3097 saeuiunt
433 3052 545 3097 senes.
585 3032 706 3094 saevivit
726 3029 807 3093 nihil
830 3053 899 3094 esse
921 3030 983 3095 nisi
1005 3031 1128 3095 succidit
1150 3040 1182 3095 et
1202 3030 1235 3094 in
1252 3036 1391 3098 saeuiunt

164 3136 264 3200 latere
287 3136 445 3198 saeuiuuat
467 3133 486 3199 i.
510 3156 538 3197 e.
561 3133 724 3211 saevibunt,
747 3132 834 3219 quod
858 3146 958 3198 metro
981 3135 1171 3218 postulatur,
1194 3135 1290 3200 facile
1317 3158 1391 3203 con·

167 3238 308 3305 sedetur.
363 3237 472 3322 itaque
513 3247 647 3321 apparet
686 3245 898 3300 correctorem
931 3235 1137 3301 Ambrosiani
1171 3237 1392 3324 Periphanem

166 3351 301 3419 tantum,
324 3339 492 3404 dominum
515 3338 602 3403 servi
622 3348 654 3403 et
669 3346 793 3424 patrem
809 3337 1044 3424 Stratippoclis‚
1067 3339 1258 3425 respexisse,
1282 3341 1392 3408 imme·

167 3465 287 3509 morem
310 3441 403 3508 illum
431 3463 543 3506 versus
566 3439 629 3504 612
652 3450 684 3505 et
705 3441 777 3506 613.
823 3440 1051 3528 ‚Periphanem
1080 3464 1185 3509 emere
1213 3443 1283 3508 lora
1312 3445 1391 3509 vidi.

167 3545 213 3610 ibi
235 3545 347 3610 aderat
368 3567 434 3609 una
449 3543 631 3629 Apoecides
648 3589 782 3611 .....
806 3557 983 3623 senserunt,
1006 3545 1131 3628 sciunt‘‚
1157 3569 1184 3611 e.
1201 3570 1230 3631 q.
1247 3569 1271 3610 s.
1306 3547 1390 3613 falso

166 3649 267 3734 igitur
290 3646 487 3732 singularem
509 3667 679 3712 numerum
702 3656 733 3709 et
749 3647 950 3712 substantivo
968 3660 999 3712 et
1016 3647 1114 3713 verbo
1130 3648 1247 3713 intulit.
1285 3648 1393 3713 Luch-

166 3751 232 3816 sius
255 3750 485 3838 (Studemundi
507 3752 586 3813 stud.
610 3748 755 3837 11252),
779 3751 835 3837 qui
858 3751 891 3814 in
914 3751 1102 3815 universum
1124 3751 1248 3836 primus
1271 3751 1392 3817 dehoc

165 3853 237 3920 loco
264 3863 351 3917 recte
378 3852 546 3929 iudicavit,
577 3874 665 3916 seusa
693 3874 771 3918 casu
795 3866 900 3919 ortum
924 3875 992 3918 esse
1017 3864 1144 3932 censet,
1173 3866 1208 3919 ut
1230 3852 1262 3922 V
1288 3858 1317 3930 l,
1342 3855 1392 3936 10,

168 3978 275 4022 errore
298 3968 406 4020 autem
427 3955 584 4042 gliscente
610 3963 722 4042 postea
743 3957 866 4020 aaudbit
888 3956 1043 4042 scriptum
1067 3978 1146 4020 esse.
1189 3968 1222 4021 at
1243 3956 1276 4025 V
1300 3957 1329 4036 1,
1354 3957 1394 4022 10

167 4090 211 4117 =
236 4059 298 4123 616
325 4059 360 4122 in
389 4058 423 4122 A
449 4081 529 4122 serres
563 4069 652 4123 extat
685 4057 815 4124 hoewio
850 4074 995 4142 auctore3
1029 4059 1249 4124 recensionem
1283 4069 1393 4124 autem

168 4163 274 4250 arguit
297 4174 502 4247 comparatus
527 4183 599 4226 cum
623 4162 683 4225 hoo
705 4160 796 4226 locus
824 4163 908 4227 True.
932 4161 1112 4230 310-312.

254 4266 351 4352 lapid
375 4264 450 4342 517,
473 4263 530 4329 ubi
551 4263 581 4329 P
603 4263 725 4328 habent

373 4367 461 4451 Quid
484 4368 591 4434 nunc?
637 4369 692 4454 qui
714 4367 749 4432 in
771 4367 867 4432 tantis
888 4367 1010 4453 positus
1039 4390 1120 4432 sum
1148 4367 1324 4452 sententiis,
1351 4417 1358 4432 .
1385 4416 1393 4432 .

370 4470 417 4535 Ei
441 4470 487 4535 sic
510 4469 585 4534 data
609 4491 678 4533 esse
703 4469 803 4534 verba
825 4471 988 4556 praesenti
1011 4471 1144 4558 palam?
