3120 5138
749 282 809 347 164

166 487 240 565 late,
263 499 299 551 ut
320 486 401 551 haee
416 485 608 551 emendandi
630 497 718 553 certa
740 488 793 552 lex
815 497 847 551 et
869 487 1049 552 constantia
1072 488 1141 553 iure
1158 488 1257 553 statui
1269 489 1389 574 possit3

168 611 252 678 quae
282 611 356 654 oum
385 587 491 653 adhue
518 611 581 652 non
610 590 739 675 cognita
768 600 865 668 esset,
899 590 1094 655 factumest
1120 602 1155 657 ut
1177 589 1318 656 editores
1342 602 1390 657 sat

167 692 276 758 multis
302 692 381 756 lonis
408 690 622 756 Ambrosiani
644 694 838 778 scripturam
865 715 885 757 a
908 705 1086 757 oorreotore
1114 692 1306 758 adornatam
1330 717 1388 781 pro

166 795 320 861 Plautina
350 794 551 880 acciperent:
585 818 659 859 nam
689 817 761 860 eum
783 795 959 873 Palatinis,
987 818 1070 879 quae
1099 795 1259 862 editorum
1281 798 1322 861 de
1344 821 1391 864 re-

168 898 355 963 censionum
388 896 578 962 auctoritate
612 919 681 963 esse
711 898 793 962 solet
826 898 998 975 sententia,
1031 920 1105 963 raro
1132 899 1185 962 vel
1211 922 1391 985 numquam

166 1009 337 1086 peecatum
360 1009 418 1064 est.

252 1119 295 1187 In
315 1120 350 1185 A
372 1141 448 1185 vero
471 1143 490 1183 a
513 1132 692 1196 correctore
719 1120 821 1184 oratio
844 1119 887 1184 ad
910 1117 1088 1207 planiorem
1111 1120 1284 1185 verborum
1308 1123 1389 1188 ordi·

168 1246 242 1290 nem
263 1233 414 1289 revocata
437 1232 486 1286 est
507 1220 558 1286 his
581 1222 674 1287 locis:
1132 1210 1135 1215 ’

216 1344 301 1409 Troe.
324 1342 386 1408 285
407 1340 451 1405 P:
474 1339 598 1406 Nullan
618 1341 691 1406 istie
713 1341 827 1407 mulier
849 1339 1006 1409 habitat?

413 1444 458 1508 A:
480 1440 605 1510 Nullan
625 1444 740 1510 mulier
760 1444 833 1509 istic
856 1444 1003 1510 habitat?

209 1547 321 1612 Pseud.
340 1543 403 1610 615
422 1542 466 1608 P:
490 1542 578 1629 Quid
599 1543 666 1610 illio
688 1566 797 1611 seeum
820 1545 906 1613 solus
928 1547 1092 1630 loquitur?

419 1645 468 1712 A:
491 1644 578 1732 Quid
600 1647 668 1712 illio
690 1648 776 1716 solus
800 1670 911 1716 secum
931 1648 1095 1734 loquitur?

215 1749 382 1817 1111456

330 1852 374 1918 P:
396 1851 623 1918 Ferentarium
646 1874 714 1917 esse
737 1854 876 1918 amioum
899 1853 1066 1920 inventum
1087 1854 1242 1944 intellego

250 1959 283 2023 A
303 1968 373 2023 aut:
390 1933 618 2021 Fere'ntarium
640 1955 779 2021 amioum
802 1956 871 2021 esse
893 1957 1061 2024 inventum
1084 1958 1237 2046 intellego

183 2146 185 2150 ,
302 2067 374 2124 aut:
399 2056 624 2125 Perentdrium
647 2060 870 2126 amioum-esse
892 2060 1058 2126 inventum
1080 2060 1243 2149 intellego.

215 2164 297 2227 Trio.
320 2160 361 2226 91

251 2265 295 2330 P:
318 2263 402 2330 Sunt
424 2285 505 2351 quos
527 2263 593 2328 soio
616 2286 685 2330 esse
708 2264 838 2343 amieos,
862 2275 936 2330 sunt
957 2287 1038 2349 quos
1061 2265 1208 2353 suspicor

255 2366 307 2431 A:
331 2365 414 2432 Sunt
435 2386 516 2450 quos
539 2366 605 2432 seio
628 2366 748 2432 amieos
771 2389 851 2445 esse,
875 2378 950 2432 sunt
972 2390 1052 2456 quos
1080 2369 1235 2456 suspicor.

217 2470 298 2534 Trio.
322 2469 383 2536 651
407 2467 450 2533 P:
473 2467 515 2533 In
536 2470 606 2535 foro
629 2492 761 2556 operam
783 2471 896 2535 eminis
919 2471 960 2534 da

404 2572 453 2637 A:
476 2572 517 2638 In
538 2573 608 2639 foro
630 2574 742 2640 amieis
766 2596 898 2662 operam
921 2572 973 2638 da.

218 2675 385 2743 1111860

254 2776 297 2843 P:
322 2777 416 2843 Dobo
432 2770 572 2866 operam,
589 2787 626 2844 ut
637 2799 688 2842 me
705 2799 774 2843 esse
790 2778 896 2866 ipsum
916 2778 1012 2864 plane
1024 2777 1260 2866 sicophantam
1272 2782 1389 2850 sentiat

253 2881 302 2946 A:
324 2879 419 2946 Dabo
447 2902 596 2966 operam,
634 2893 671 2947 ut
695 2902 747 2945 me
776 2880 882 2968 ipsum
916 2883 1010 2969 plane
1051 2903 1121 2947 esse
1155 2884 1388 2970 sycophantam

1135 2986 1263 3052 sentiat.

214 3104 296 3168 Prin.
325 3101 406 3168 1051
439 3099 557 3187 ,Qudm
592 3110 733 3187 repetas,
772 3099 939 3167 inimicum
972 3103 1113 3170 amioum
1148 3103 1303 3174 beneficio
1343 3112 1387 3175 in-

168 3207 279 3271 venias
302 3213 370 3273 tuo‘
391 3204 430 3284 P,
453 3205 604 3282 ,amioum
625 3205 771 3269 invenias
793 3203 949 3270 beneficio
972 3215 1037 3271 1110ί
1059 3206 1107 3285 A,
1138 3230 1235 3295 quem
1258 3223 1389 3298 praeter

169 3307 382 3395 Spengelium
406 3306 670 3394 Wagnerumque
693 3328 804 3372 omnes
826 3308 927 3373 secuti
950 3323 1034 3376 sunt.

212 3428 298 3492 Rea
321 3427 384 3495 573
405 3427 450 3492 P:
478 3412 522 3492 At
544 3425 635 3493 vides
657 3449 718 3506 me,
742 3426 873 3492 ornatus
896 3436 933 3491 ut
954 3428 1014 3493 sim

404 3530 452 3595 A:
478 3514 526 3595 At
548 3530 639 3596 vides
661 3552 723 3608 me,
745 3540 781 3596 ut
804 3530 935 3596 drnatus
959 3531 1030 3596 sim.

170 3634 211 3698 cf.
232 3631 431 3700 Ritsohelius
453 3633 531 3698 Noa.
555 3656 616 3698 eno.
637 3635 742 3701 Plan.
765 3657 796 3721 p.
819 3634 870 3701 39.

211 3755 305 3818 Mero.
327 3753 390 3818 278
413 3754 454 3818 P:
477 3754 567 3819 Pisto
591 3755 654 3842 ipsi
674 3753 771 3819 facito
794 3774 904 3818 eoram
925 3763 961 3818 ut
983 3754 1092 3819 tradas
1115 3754 1148 3819 in
1170 3778 1303 3822 manum

404 3856 449 3922 A:
473 3857 562 3922 Pisto
583 3858 645 3943 ipsi
667 3858 765 3924 facito
788 3867 824 3924 ut
846 3877 954 3922 coram
977 3857 1086 3922 tradas
1109 3859 1143 3922 in
1165 3881 1308 3929 manum.

211 3960 296 4024 Pera
318 3958 381 4024 417
404 3959 448 4027 P:
470 3959 547 4027 Sine
570 3961 730 4048 respirare
753 3982 814 4038 me,
837 3957 896 4023 tibi
917 3969 954 4024 111
974 3960 1189 4047 respondeam

397 4065 446 4129 A:
469 4064 548 4132 Sine
570 4066 729 4152 respirare
751 4085 813 4141 me,
835 4073 872 4129 ut
893 4060 952 4128 tibi
974 4063 1197 4149 respondeam.

215 4165 301 4231 Troe.
323 4165 387 4232 239

253 4282 297 4349 P:
319 4283 407 4350 Nam
429 4296 555 4352 ecastor
570 4307 747 4371 numquam
763 4286 840 4350 satis
863 4285 953 4351 dedit
975 4308 1052 4352 suae
1068 4286 1240 4372 qnisquam
1262 4290 1391 4357 amicae

1083 4400 1209 4454 amator

168 4487 217 4553 A:
245 4486 343 4567 ,Nam
372 4499 498 4557 ecastor
520 4512 696 4574 numquam
724 4489 802 4554 satis
831 4489 920 4554 dedit
948 4493 1070 4558 amicae
1099 4492 1235 4580 quisque
1263 4505 1394 4563 amator
