3136 5146
680 293 808 398 ’so

169 510 204 576 in
224 505 442 576 Ambrosiano
462 506 548 571 idem
563 518 724 572 corrector
739 514 905 591 grassatus
921 523 1001 580 esse,
1019 501 1079 586 qui
1096 523 1208 567 versus
1226 495 1396 587 proximos
1426 590 1431 598 ·

175 610 376 700 (aab—251)
398 608 612 674 audacissime
634 608 831 675 retractavit.

203 710 572 903 ffliblclgirmquam
599 813 770 900 qnisquam
793 811 913 900 probus
942 810 1006 875 erit
1035 817 1162 912 amator
1187 806 1250 873 nisi
1269 807 1330 895 ‘qui
1353 805 1405 872 rei

455 972 457 976 Α
779 913 944 980 inimicust
966 933 1044 977 suae
1282 963 1285 967 .
1392 964 1394 969 .

216 1019 265 1087 A:
295 1018 411 1108 Ne[q.]
426 1018 581 1104 nimquam
600 1018 680 1083 erit
700 1016 850 1104 probus
873 1017 1081 1103 quisquam
1103 1015 1238 1091 amator,
1259 1011 1325 1076 nisi
1344 1009 1406 1099 qui

781 1121 827 1184 rei
849 1117 1016 1184 inimicust
1040 1138 1118 1182 suae
1158 1158 1161 1163 -
1255 1161 1257 1164 -
1285 1122 1288 1129 '

172 1225 391 1312 Ppraestsnt
414 1222 631 1289 Ambrosiano
665 1222 873 1288 collocatione
905 1221 1078 1288 verborum
1107 1241 1181 1284 cum
1204 1214 1404 1302 simpliciore

175 1339 245 1395 tum
267 1327 402 1414 aptiore,
426 1327 546 1412 quippe
569 1347 634 1411 qua
652 1326 775 1412 probra,
799 1334 834 1390 nt
856 1334 993 1410 pareat,
1015 1322 1212 1389 intendatur.
1233 1366 1236 1371 -
1255 1328 1404 1403 attamen

175 1451 249 1496 cnm
273 1451 387 1496 versus
410 1429 566 1494 ambitum
589 1427 741 1505 excedat,
764 1438 821 1492 aut
843 1427 964 1511 aliquid
986 1424 1199 1492 resecandum
1221 1431 1405 1489 auterann-

175 1530 294 1621 positio
319 1531 517 1598 instituenda
547 1541 605 1595 est.
650 1529 785 1595 alteram
807 1528 894 1594 viam
916 1528 1055 1614 ingressi
1077 1537 1153 1593 sunt
1169 1536 1208 1592 et
1222 1525 1405 1592 Muellerus

176 1645 209 1701 et
224 1633 417 1713 Schoellius,
439 1633 495 1718 qni
518 1644 637 1699 emmor
652 1655 692 1698 ex
710 1655 762 1700 vv.
779 1631 852 1697 229.
869 1630 932 1696 236
954 1636 1002 1718 (et
1015 1632 1150 1696 fortasse
1165 1627 1240 1711 239)
1263 1625 1404 1713 petitum

175 1757 246 1815 esse
268 1757 403 1802 censens
425 1738 533 1801 aliisi
558 1735 703 1822 scripsit3
722 1734 1022 1823 transpositionem
1046 1757 1123 1799 vero
1151 1731 1301 1798 adhibuit
1319 1731 1405 1796 Am-

177 1837 347 1905 brosianae
375 1837 569 1921 recensionis
592 1847 705 1906 auctor
725 1837 798 1903 ideo
822 1860 886 1904 non
904 1836 1083 1915 ferendam,
1116 1834 1204 1921 quod
1225 1833 1341 1922 probas
1368 1832 1404 1896 in

175 1940 259 2008 thesi
281 1941 480 2027 delitescit.¹)

265 2043 350 2111 Tmo.
368 2042 462 2125 363.

176 2145 219 2214 Px
241 2145 412 2216 PHRON.
448 2145 588 2225 Velim,
622 2145 741 2212 siheri
768 2145 905 2234 possit.
938 2144 1034 2213 DIN.
1072 2144 1151 2210 cedo
1180 2144 1284 2211 soleas
1300 2142 1405 2208 mihi

175 2250 227 2317 Ar
250 2249 416 2318 PHRON.
444 2249 608 2326 Vellem,
630 2250 657 2315 si
677 2246 747 2315 fieri
770 2260 911 2336 posset.
935 2247 1031 2315 DIN.
1067 2246 1269 2333 osdosoleas
1290 2267 1402 2334 pner.

256 2348 314 2417 ‘Ac
335 2350 475 2437 primum
498 2350 628 2435 quidem
650 2352 685 2417 in
705 2348 740 2417 A
762 2352 904 2418 notanda
926 2363 975 2417 est
997 2350 1133 2429 mutatio
1155 2358 1338 2435 temporum
1359 2347 1405 2413 ad

177 2453 363 2541 posterioris
379 2454 492 2521 aetatis
507 2477 602 2520 usum
618 2454 746 2520 dicendi
761 2453 1014 2532 accommodata,
1030 2452 1123 2518 cuius
1139 2450 1234 2539 plura
1250 2449 1403 2536 exempla

176 2555 261 2625 infra
295 2555 502 2642 colligentur.v
547 2553 762 2640 Niemeyerus
794 2566 903 2623 autem
933 2557 973 2622 de
1002 2555 1066 2621 hac
1100 2551 1301 2619 diversitate·
1321 2551 1404 2617 nihil

177 2657 345 2745 disputans
385 2657 426 2729 de
462 2658 525 2724 fine
559 2679 672 2724 versus
705 2658 786 2724 falso
811 2658 935 2725 iudicat
964 2659 1011 2724 ita
1041 2683 1073 2748 p.
1109 2657 1167 2723 39:
1212 2655 1402 2743 ‚Aptissime

177 2760 376 2831 Diniarchus
398 2784 536 2850 puerum
557 2783 674 2827 vocare
697 2761 839 2845 videtur,
863 2764 919 2848 qni
942 2762 1062 2842 soleas,
1086 2782 1167 2846 quas
1189 2760 1224 2825 in
1245 2759 1329 2826 lecto
1351 2779 1403 2825 ao-

178 2864 332 2938 cumbsns
360 2865 568 2952 deposuerat,
602 2863 716 2930 afferat
747 2875 847 2949 atque
873 2887 914 2929 ex
936 2865 1055 2931 assa
1084 2864 1348 2954 (386).:apparet
1369 2864 1404 2928 in

176 2967 350 3040 Phronesii
377 2968 524 3036 conclavi
552 2990 663 3036 servos
691 2968 824 3036 adesse.‘
885 2968 1018 3055 egregie
1041 2969 1068 3034 is
1092 2978 1193 3046 errat,
1223 2965 1311 3051 quod
1341 2964 1404 3032 col·

177 3071 323 3156 loquium
361 3073 445 3138 inter
484 3069 699 3138 Diniarohum
742 3070 1022 3156 Phronesiumque
1060 3072 1095 3151 in
1127 3070 1223 3137 huius
1255 3068 1405 3136 conclavi

179 3173 292 3251 haberi
315 3184 417 3260 putat.
468 3173 592 3259 primus
626 3174 710 3241 enim
745 3173 840 3239 huius
874 3195 1010 3240 scaenae
1044 3190 1158 3249 versus
1191 3171 1405 3238 Diniarohum

180 3289 253 3357 ante
281 3285 408 3362 portam
429 3274 644 3344 Phronesium
672 3288 843 3363 expectare
872 3275 1007 3355 indicat3
1042 3277 1078 3342 in
1105 3274 1265 3359 colloquio
1280 3280 1405 3340 antem

180 3400 234 3448 eos
256 3400 334 3465 prae
357 3378 453 3446 domo
480 3378 635 3445 restitisse
663 3377 757 3444 docet
785 3402 817 3444 v.
840 3378 913 3456 386,
942 3401 1008 3463 quo
1030 3377 1116 3444 servi
1145 3397 1319 3455 servasse,
1348 3375 1406 3461 qui

179 3479 395 3552 Phronesium
418 3480 579 3569 prosecuti
601 3480 691 3547 initio
713 3503 849 3549 scaenae
871 3505 888 3548 e
911 3483 1006 3549 domo
1028 3481 1230 3569 prodierant,
1251 3479 1338 3546 intro
1358 3479 1406 3546 irc

179 3583 214 3655 id
236 3595 286 3653 est
308 3584 439 3653 domum
460 3584 581 3651 intrare
603 3583 735 3670 eiusque
758 3584 876 3652 ostium
898 3585 1025 3670 operire
1045 3584 1207 3664 iubentur,
1230 3594 1264 3650 et
1283 3582 1404 3666 asae,

181 3685 237 3753 abi
269 3686 485 3761 Phronesium
518 3689 603 3755 intro
636 3700 773 3765 remeat,
808 3687 1008 3755 Diniarchus
1044 3700 1120 3755 ante
1157 3696 1292 3776 portam·
1316 3685 1406 3772 loqui

181 3789 296 3877 porgit
342 3788 513 3865 Diniarchi
547 3801 653 3859 autem
687 3790 788 3857 verba
818 3793 912 3858 soleas
941 3794 1014 3858 cedo
1040 3792 1101 3880 (sic
1126 3791 1214 3858 enim
1236 3789 1407 3856 emendam

181 3892 263 3961 dum
282 3902 347 3971 θεὶς
380 3893 473 3960 codd.
497 3895 568 3961 cado
588 3893 707 3980 sebae),
738 3906 908 3981 poponis,
942 3897 1059 3984 auferre
1090 3917 1224 3962 mensam
1250 3903 1283 3960 et
1308 3891 1408 3981 paulo

181 4007 264 4083 post
287 3997 373 4064 deme
398 3998 501 4075 nolam,
529 3998 601 4063 cedo
632 3997 734 4065 latam
766 4019 872 4064 meras
906 4020 1012 4085 nugas
1028 4015 1104 4065 esse
1131 3997 1293 4070 neminem
1313 3994 1408 4083 fugit

179 4121 232 4171 am
250 4097 370 4188 agitur
388 4099 434 4166 de
460 4121 575 4167 versus
604 4099 695 4166 exitu
723 4100 955 4169 constituendo.
1003 4123 1046 4167 aa
1068 4101 1244 4187 Muellerus
1276 4097 1408 4184 quidem

183 4202 289 4291 (Pros.
312 4200 421 4268 Plaut.
443 4201 533 4269 Add.
556 4224 589 4288 p.
614 4201 690 4290 139)
720 4201 816 4269 evicit
853 4202 1008 4270 Plautum
1040 4203 1110 4269 sola
1137 4202 1278 4270 vocativi
1305 4204 1409 4270 forma

189 4357 390 4385 ..-....,.-,

202 4482 205 4488 .
272 4427 293 4496 t)
315 4425 439 4499 Videtur¹
452 4427 547 4495 antem
564 4427 709 4496 conectet
732 4426 761 4480 et
777 4425 851 4482 hunc
868 4442 979 4483 versum
1001 4428 1031 4482 et
1054 4425 1174 4483 fortasse
1200 4423 1412 4485 antecedentem

188 4523 241 4581 pro
258 4509 386 4567 iambicis
408 4510 560 4566 octonariis
577 4509 716 4578 habuisse,
734 4527 798 4566 oum
814 4529 894 4582 neque
911 4528 1032 4584 amquam
1050 4509 1189 4567 intactum
1205 4509 1359 4582 reliquerit.
