3120 5138
792 318 992 416 „El--

280 523 442 587 recensuit
479 532 617 587 metrum
657 522 756 586 inlato
789 523 865 585 milti
896 522 961 585 iam
989 522 1022 584 in
1050 523 1227 608 archetypo
1258 523 1499 607 pessumdatum

281 623 386 689 deleto
410 625 466 687 tibi
486 625 691 693 restauravit.

363 745 432 807 Ma
455 745 532 829 par.
556 743 617 809 747

319 862 368 926 A:
392 861 427 928 Si
450 862 512 926 lllis
536 863 587 950 (ac.
610 864 727 948 servis)
750 876 887 948 aegrest,
910 863 989 926 mihi
1011 861 1046 925 id
1061 861 1207 949 (?)quod
1225 862 1323 947 volup
1343 873 1410 940 est,
1433 863 1500 927 mdo

1043 965 1211 1049 remigio
1234 987 1312 1029 rem
1340 976 1488 1050 gerunt

277 1083 320 1148 P:
355 1104 446 1160 ,meo
476 1105 553 1148 rem
584 1083 752 1169 remigio
781 1105 863 1147 rem
891 1087 1004 1170 gero‘.
1037 1082 1236 1149 Ritschelius
1263 1083 1500 1153 Ambrosianae

278 1187 451 1251 memoriae
480 1186 613 1272 ignarus
637 1188 737 1252 eiecto
760 1188 861 1253 altero
886 1210 950 1252 rem
976 1186 1162 1265 Palatinos,
1191 1186 1396 1252 Ribbeckius
1423 1187 1499 1253 Am-

278 1289 463 1354 brosianum
490 1298 619 1353 secutus
643 1300 705 1368 est3
733 1313 771 1355 ac
793 1290 890 1354 vertit
917 1290 970 1353 hic
999 1289 1145 1374 quidem:
1183 1313 1287 1368 ,wenn
1310 1289 1357 1354 sie
1379 1299 1497 1376 argent,

277 1416 343 1457 was
374 1393 436 1456 mir
467 1391 666 1479 Vergniigen
696 1392 814 1470 macht,
852 1392 970 1456 rudern
1006 1392 1090 1456 nach
1127 1393 1264 1456 meinem
1300 1393 1418 1458 Steuer
1458 1393 1502 1456 sie

277 1495 382 1561 doch.‘
432 1496 494 1560 hac
517 1496 694 1574 versione,
720 1495 884 1582 adquam
906 1493 1028 1558 Klotzii
1063 1495 1247 1559 coniectura
1279 1517 1344 1559 mco
1376 1497 1502 1581 remigio

278 1601 392 1684 remipo
413 1600 531 1684 (annal.
553 1599 630 1685 phil.
655 1597 779 1663 LXXI
803 1622 833 1684 p.
857 1596 934 1684 203)
963 1597 1122 1661 adductus
1146 1598 1275 1662 videtur
1300 1619 1386 1679 esse,
1423 1597 1502 1661 diffi-

277 1702 381 1765 cultas
405 1711 557 1765 nontam
584 1700 733 1778 solvitur,
767 1723 865 1783 quarn
895 1701 1095 1767 obscuratur.
1141 1700 1240 1764 verba
1271 1700 1357 1764 enim
1380 1699 1502 1763 tradita

276 1804 303 1867 si
332 1804 501 1890 diligenter
522 1803 774 1891 perpendemus,
805 1826 868 1866 nem
890 1815 997 1888 percat
1020 1805 1198 1866 sententiae
1220 1802 1309 1867 nullo
1332 1803 1431 1868 modo
1453 1825 1503 1865 ac-

274 1907 510 1970 commodatum
532 1918 594 1983 est3
617 1929 693 1969 nam
717 1908 784 1969 sive
801 1906 898 1968 vertis
922 1905 1048 1982 ,frihren
1071 1904 1117 1968 sie
1148 1905 1231 1969 doch
1254 1904 1339 1968 nach
1362 1905 1503 1969 meinem

275 2008 392 2073 Befehl
415 2008 466 2072 die
482 2008 588 2075 Sache
611 2013 669 2094 (sc.
694 2031 777 2093 quae
800 2007 863 2071 illis
879 2009 1021 2094 aegrest)
1043 2020 1111 2072 aus‘
1135 2007 1202 2071 sive
1225 2008 1328 2073 mavis
1352 2008 1503 2085 ,erfrillen

275 2112 322 2176 sie
338 2111 421 2175 doch
445 2112 528 2175 nach
545 2112 683 2175 meinem
702 2111 824 2176 >Befehl
848 2111 917 2175 ihre
935 2108 1226 2197 Obliegenheiten‘,
1250 2111 1424 2194 utrobique
1442 2111 1504 2176 hac

277 2215 436 2301 scriptura
459 2214 618 2277 sententia
641 2216 837 2298 insequentis
863 2235 974 2277 versus
997 2215 1042 2277 ita
1065 2214 1271 2302 anticipatur,
1301 2213 1392 2278 utin
1415 2223 1505 2279 utro·

278 2339 341 2404 que
370 2338 467 2381 versu
486 2316 554 2379 fere
587 2315 673 2379 idem
709 2317 850 2393 dicatur,
889 2316 976 2400 quod
1011 2316 1152 2381 breviter
1188 2317 1238 2381 his
1273 2314 1380 2381 verbis
1418 2340 1505 2382 com·

275 2419 475 2506 prehendere
497 2417 587 2482 licet:
611 2419 738 2484 etiamsi
759 2418 797 2482 iis
821 2419 943 2506 aliquid
959 2419 1130 2483 molestum
1153 2430 1210 2497 est,
1233 2429 1340 2484 tamen
1365 2417 1504 2504 obsequi

276 2522 404 2588 debent.
460 2533 571 2585 contra
600 2532 677 2607 apto
710 2520 822 2585 ordina
850 2521 1029 2606 procedunt
1057 2523 1250 2600 sententiae,
1285 2523 1312 2587 si
1335 2521 1504 2587 Palatinos

275 2624 440 2690 audimus:
464 2627 491 2688 si
514 2623 577 2687 illis
599 2645 694 2710 aegre
711 2633 768 2700 est,
786 2624 873 2707 quod
895 2624 974 2689 mihi
992 2625 1090 2711 volup
1114 2635 1177 2704 est,
1201 2625 1280 2690 nihil
1312 2647 1437 2702 moror3
1462 2648 1503 2690 ex

273 2751 344 2795 meo
367 2727 501 2794 arbitrio
522 2749 714 2808 remrmeam
735 2748 814 2814 rego
838 2740 869 2791 et
885 2737 1002 2806 tract0,
1031 2729 1185 2811 quocirca
1212 2750 1322 2793 servos
1347 2728 1501 2811 quamvis

274 2831 393 2897 invitos
427 2852 652 2918 quaecumque
679 2830 831 2894 iubentur
867 2830 992 2894 efficere
1020 2853 1110 2917 cogo.
1161 2842 1235 2919 apte
1262 2830 1397 2896 Brixius
1422 2832 1503 2896 citat

275 2933 390 2998 Bacch.
407 2932 485 2997 752:
508 2931 594 3010 ,Mea
616 2931 734 2997 fiducia
757 2954 838 3018 opus
860 2933 1002 2996 conduxi
1025 2946 1056 2997 et
1076 2955 1147 2997 meo
1171 2933 1290 3021 periclo
1309 2955 1378 2997 rem
1400 2944 1503 3018 gero‘

360 3054 429 3118 Mil.
451 3054 528 3138 plor.
552 3052 635 3116 1142
672 3051 779 3118 Nimis
800 3053 903 3117 facete
926 3053 1085 3136 nimisque
1106 3054 1246 3119 facunde
1268 3053 1394 3118 malast.

424 3170 472 3238 Ut
491 3171 599 3256 lepide
622 3170 846 3236 deruncinavit
868 3171 1011 3237 militem.
1035 3173 1043 3259 ll
1065 3182 1099 3237 at
1121 3173 1219 3238 etiam
1240 3196 1387 3261 parum.

361 3290 408 3355 sic
420 3291 464 3375 P,
481 3302 526 3369 ,at
541 3292 639 3356 etiam
649 3289 780 3378 rogas‘?‘
791 3289 1051 3356 A.Ambrosiani
1063 3292 1256 3378 scripturam
1268 3314 1333 3358 non
1345 3294 1438 3358 casui
1451 3295 1504 3360 de·

276 3393 342 3459 beri
356 3405 422 3459 tam
433 3404 558 3460 certum
569 3406 627 3471 est,
639 3416 737 3481 quam
751 3416 771 3458 a
782 3393 899 3458 Plauto
912 3416 982 3458 eam
993 3395 1171 3480 profectam
1183 3417 1247 3459 nou
1260 3417 1503 3484 essequaeren-

274 3496 360 3563 tibus
373 3508 481 3563 autem
497 3519 561 3582 quo
577 3497 709 3562 consilio
723 3507 799 3561 nata
814 3499 865 3573 sit,
876 3493 1098 3581 responderim
1113 3519 1186 3562 cum
1200 3499 1396 3564 verecundia
1412 3523 1502 3582 sane,

275 3614 487 3666 correctorem
509 3599 608 3667 verba
630 3613 664 3664 at
679 3602 776 3688 lepide
797 3601 1004 3663 deruncinavit
1025 3601 1151 3664 militem
1166 3623 1224 3688 pro
1247 3602 1504 3688 interrogatione

278 3713 413 3790 accepta
435 3704 671 3786 Acroteleutio,
696 3715 728 3766 at
751 3706 842 3768 etiam
863 3725 953 3786 ropac
975 3713 1030 3767 aut
1052 3701 1265 3769 Palaestrioni
1289 3713 1344 3770 aut
1370 3703 1504 3792 Milphi-

275 3808 395 3897 dippae
423 3807 565 3885 dedisse,
601 3806 772 3873 verborum
807 3815 915 3870 autem
948 3806 1186 3889 insequentium
1214 3808 1345 3873 omnino
1371 3807 1500 3874 nullam

275 3911 434 3977 rationem
468 3910 627 3976 habuisse.
674 3932 732 3975 nec
766 3909 922 3974 audaciae
956 3918 1004 3972 est
1031 3908 1109 3973 talia
1137 3910 1310 3975 correctori
1345 3910 1503 3987 tribuere,

275 4012 429 4097 quoniam
451 4013 485 4077 in
501 4013 678 4100 archetypo
692 4010 903 4075 Ambrosiani
925 4033 988 4075 non
1012 4013 1126 4096 magis,
1149 4034 1247 4099 quam
1268 4013 1303 4076 in
1325 4013 1398 4099 ipso
1416 4013 1501 4080 Am·

275 4115 425 4181 brosiano
447 4138 657 4204 personarum
684 4126 776 4180 notas
805 4115 904 4179 fuisse
928 4125 1177 4179 consentaneum
1204 4125 1261 4183 est.
1304 4126 1412 4180 tamen
1432 4139 1503 4183 non

275 4219 412 4285 multum
450 4217 661 4296 adversabor,
696 4218 723 4282 si
746 4217 818 4302 quis
841 4216 983 4294 librario,
1018 4217 1096 4281 dum
1122 4218 1238 4304 legerit
1266 4229 1298 4281 at
1325 4219 1427 4297 cmm,
1468 4221 1505 4285 in

276 4333 415 4388 mentem
439 4322 566 4386 venisse
594 4321 681 4385 dicat
704 4319 888 4385 notissimae
911 4319 997 4384 illius
1024 4319 1213 4385 elocutionis
1236 4332 1268 4384 at
1285 4322 1504 4408 eticmjropae,

275 4447 373 4511 quam
412 4425 642 4489 sententiarum
682 4444 824 4488 conexus
864 4421 953 4485 nulla
985 4423 1107 4487 ratione
1143 4422 1253 4488 habita
1282 4423 1314 4487 in
1340 4425 1505 4492 continui-

274 4536 373 4596 tatem
396 4526 566 4593 verborum
590 4526 751 4592 asciverit.
