3120 5138
677 330 737 396 179

246 533 347 600 Uetre
370 545 416 600 te:
441 557 545 622 neque
567 557 628 622 ego
651 535 834 600 taetriorem
857 534 986 601 beluam

248 636 376 704 Vidisse
398 661 449 702 me
473 661 627 725 umquam
649 658 845 722 quemquam
867 661 965 726 qnam
987 648 1019 704 te
1042 660 1167 706 censeo.

91 760 152 823 pre
180 751 264 803 neue
285 751 314 804 te
335 738 467 804 exhibet
488 741 522 804 A
548 763 652 808 une..
682 739 735 817 ,‚d.
758 740 789 804 h.
819 763 884 805 uno
906 741 964 805 mit
992 742 1072 806 zwei
1100 741 1316 808 senkrechten

92 839 261 919 Leonem,
290 841 322 906 in
354 842 498 907 welchen
526 845 604 907 zwei
637 840 779 907 schmale
807 842 1016 909 Buehstaben
1042 846 1102 910 wie
1134 867 1164 908 se
1181 845 1259 909 eder
1288 856 1316 910 te

91 944 171 1010 oder
204 944 306 1031 dergl.
333 945 512 1032 gestanden
545 945 651 1010 haben
686 952 833 1023 miissen3
866 946 1123 1032 (Studemundns
1158 948 1314 1034 Festyrues

90 1070 121 1132 p.
146 1047 220 1136 64);
250 1047 334 1113 unde
363 1047 605 1114 Studemundus
631 1049 664 1112 in
693 1049 722 1112 A
745 1049 843 1114 fnisse
870 1062 979 1114 censet
1006 1073 1113 1127 eneae,
1141 1050 1231 1116 nisus
1258 1050 1313 1116 ille

90 1151 273 1236 fragmento
307 1150 448 1237 quedam
482 1150 670 1216 Pacuviano
705 1151 792 1237 apud
826 1150 969 1216 Nonium
1003 1159 1130 1215 servato
1154 1151 1229 1238 (frg.
1251 1152 1315 1218 213

92 1252 223 1341 Ribb.):
247 1253 429 1331 ,Occidisti,
460 1265 496 1319 ut
525 1254 625 1320 multa
650 1255 760 1340 paucis
784 1253 882 1319 verba
906 1276 1005 1318 unese
1029 1252 1238 1320 obnuntiem‘.
1262 1256 1315 1321 oui
1355 1327 1357 1332 ³

91 1356 192 1421 verbe
215 1379 233 1419 a
257 1378 335 1421 voce
357 1380 433 1420 unas
455 1377 512 1440 per
529 1357 785 1421 terminationem
801 1360 919 1442 e(n)sus
941 1357 1088 1422 derivato
1111 1380 1185 1423 eum
1200 1358 1314 1425 Stude·

91 1460 232 1524 mundus
256 1459 525 1545 significationem
542 1459 779 1546 ,gleichfermig
801 1459 835 1523 in
857 1461 962 1524 einem
980 1459 1083 1546 Zuge‘
1106 1459 1249 1526 vindicet
1266 1465 1314 1548 (et

90 1562 265 1649 requiritur
298 1585 375 1627 sane
400 1561 553 1627 Plautino
580 1561 650 1627 loce
678 1562 758 1626 haec
781 1562 900 1646 notio),
928 1563 1053 1628 lubrico
1080 1563 1148 1628 sole
1175 1563 1310 1647 incedit3

90 1664 209 1730 etenim
224 1687 329 1752 neque
347 1666 439 1731 unice
455 1665 535 1742 loce,
548 1687 665 1749 exque
681 1665 776 1730 huius
793 1668 880 1730 vocis
896 1666 1044 1730 notitiam
1060 1667 1213 1753 cepimus,
1229 1666 1315 1733 hanc

91 1767 363 1854 significationem
387 1767 485 1833 habet
507 1777 539 1831 et
554 1767 680 1833 Nonius
704 1789 774 1831 eam
791 1768 1019 1832 convenienter
1041 1768 1110 1834 lece
1125 1768 1314 1836 Pacuviano

90 1873 321 1957 interpretatur
347 1872 446 1938 amul.
490 1870 622 1949 deinde,
652 1893 690 1935 ne
719 1871 798 1954 quid
820 1870 927 1935 dicam
950 1871 989 1945 de
1017 1870 1171 1937 adverbio
1192 1873 1226 1937 in
1248 1873 1312 1938 fine

90 1974 268 2038 sententiae
290 1972 491 2038 incommode
515 1975 630 2059 posite,
660 1996 794 2060 gravem
824 1973 1056 2038 dubitationem
1086 1986 1193 2040 movet
1225 1975 1312 2058 quod

90 2080 124 2142 in
148 2077 180 2140 A
210 2098 251 2140 ex
275 2075 492 2143 Studemundi
521 2076 627 2141 verbis
656 2077 753 2142 etiam
780 2089 868 2141 nnete
895 2077 993 2141 fuisse
1021 2087 1142 2161 potest;
1177 2078 1313 2165 quodsi

90 2179 261 2257 sumimus,
291 2179 501 2244 Ambrosiani
524 2180 733 2266 scripturam,
762 2202 844 2263 quae
874 2180 1032 2244 sententia
1062 2202 1192 2266 prorsus
1214 2195 1313 2261 caret,

89 2283 268 2348 recensioni
301 2283 411 2348 deberi
445 2306 510 2348 non
539 2305 710 2370 pessumus
738 2282 941 2349 contendere.
992 2281 1206 2367 Niemeyerus
1235 2306 1313 2350 sane

89 2408 123 2472 p.
146 2387 187 2453 28
217 2387 296 2470 quin
324 2409 414 2450 eneae
442 2408 554 2451 verum
581 2385 622 2450 sit
661 2385 769 2450 nullus
799 2383 939 2450 dubitat:
978 2406 1103 2463 ,verum
1131 2385 1163 2449 in
1186 2386 1221 2451 A
1243 2409 1312 2452 esse

90 2499 247 2574 apparet;
283 2511 387 2576 neque
422 2510 508 2567 vere,
543 2488 705 2575 quomedo
739 2487 869 2552 testium
903 2486 1066 2552 discordia
1091 2497 1163 2552 orta
1192 2488 1250 2567 sit,
1278 2489 1310 2553 in

90 2591 227 2657 obscure
243 2605 299 2655 est.
321 2613 385 2656 nen
408 2592 492 2655 enim
515 2589 677 2655 intellexit
697 2601 857 2655 corrector
879 2611 992 2655 vocem
1015 2589 1193 2655 obsoletam
1215 2602 1312 2676 atque

90 2703 140 2759 sat
162 2693 316 2758 laudabili
340 2693 525 2758 coniectura
554 2714 595 2756 ex
624 2692 750 2757 traditis
780 2693 895 2756 litteris
925 2714 1037 2757 verum
1066 2714 1100 2757 se
1127 2694 1312 2760 enucleasse

89 2795 307 2862 existimavit.‘
341 2818 382 2860 ex
409 2808 489 2859 eetro
515 2808 543 2859 te
565 2795 661 2872 enim,
691 2794 778 2879 quod
798 2793 828 2858 P
849 2794 978 2872 babent,
1002 2794 1180 2880 Seyffertus
1199 2797 1311 2862 Petet.

88 2898 196 2964 XXV
215 2923 243 2984 p.
260 2899 324 2964 452
347 2897 476 2984 egregie
492 2898 633 2963 restituit
648 2899 728 2962 ultre
745 2910 781 2972 te,
796 2920 895 2982 quam
910 2899 1104 2984 scripturam
1122 2911 1157 2962 ut
1173 2920 1192 2961 a
1207 2920 1311 2984 gram

88 3003 208 3067 matieo
237 3001 402 3066 inventam
433 3022 502 3065 esse
530 3001 658 3064 credam
681 3024 701 3065 a
724 3021 774 3064 me
798 3022 861 3064 non
889 3022 1021 3086 possum
1046 3002 1229 3085 impetrare.
1252 3000 1309 3065 sed

88 3126 165 3170 cum
199 3103 239 3167 de
270 3103 477 3169 Ambrosiani
507 3103 689 3168 testimonie
718 3125 783 3168 nen
810 3103 907 3190 plane
937 3113 1079 3180 constet,
1113 3102 1233 3169 iudicio
1257 3103 1311 3169 ab·

88 3192 274 3272 stinendum
297 3206 365 3275 erit.

498 3689 656 3786 Caput
688 3690 910 3786 quintum

175 3924 248 3990 Non
275 3936 377 3988 totum
406 3934 539 4010 repente
567 3924 660 4008 quasi
687 3924 817 3989 emersit
849 3923 936 4009 quod
968 3924 1189 3989 demonstrare
1218 3923 1311 3989 nobis

89 4048 369 4115 proposueramus,
394 4027 451 4091 sed
473 4048 531 4112 per
554 4049 703 4113 operosas
720 4027 943 4114 inquisitiones
964 4026 1224 4113 multiplicesque
1247 4048 1310 4089 am-

88 4130 191 4215 bages
213 4128 255 4193 ad
277 4139 395 4194 metam
412 4128 518 4194 aditus
533 4129 627 4195 nobis
642 4129 885 4215 praeparandus
906 4129 974 4197 fuit.
997 4129 1062 4193 iam
1085 4128 1311 4213 disputationis

88 4233 186 4318 longo
203 4255 298 4297 eursu
315 4241 447 4318 peraeto
465 4255 528 4298 uno
548 4243 731 4318 conspectu,
748 4232 828 4318 qnid
846 4233 1049 4311 voluerimus,
1073 4231 1152 4318 qnid
1166 4230 1311 4296 adsecuti

89 4335 198 4417 simus,
225 4336 325 4400 oeulis
340 4357 519 4423 proponere
535 4336 637 4403 decet.
659 4356 725 4399 nen
746 4334 839 4401 nobis
861 4337 894 4399 in
918 4335 1023 4399 anime
1045 4335 1105 4400 fnit
1127 4335 1311 4398 universam

90 4438 312 4526 quaestionem
337 4439 470 4517 solvere,
493 4438 590 4502 immo
615 4449 665 4502 sat
687 4439 801 4524 mavia
823 4438 1020 4527 reliquimus.
1054 4437 1111 4502 sed
1133 4458 1207 4503 cum
1229 4436 1312 4502 falsa

90 4541 130 4606 de
155 4541 363 4624 condicione,
393 4563 475 4636 qnae
502 4541 585 4608 inter
613 4541 815 4621 recensiones
843 4541 1038 4625 intercedat,
1072 4539 1160 4612 credi
1182 4549 1220 4610 ,et
1242 4561 1312 4634 pre·
