3120 5138
581 316 783 420 „Q

69 534 132 602 est,
160 506 354 610 Niemeyero
380 546 412 609 p.
430 523 472 588 23
500 524 717 610 suspicionem
744 526 941 591 recensionis
970 527 1077 610 inicit,
1107 527 1200 616 quasi
1229 548 1292 594 non

69 626 259 713 saepissime
280 629 334 712 qui
354 629 428 712 quia
449 628 524 712 quid
544 627 630 692 iuter
651 650 686 692 se
708 638 990 693 commutarentur.
1015 630 1084 694 Mu.
1105 632 1182 714 plor.
1211 631 1292 697 1124

67 731 172 819 (1119
193 729 308 815 Ribb.)
342 733 416 816 quin
443 729 482 808 P,
516 734 570 817 qai
596 732 645 810 A;
680 731 764 795 Pers.
794 731 857 796 296
885 734 939 817 qui
965 733 994 796 A
1022 742 1125 810 reete,
1160 737 1233 820 quin
1254 733 1293 799 P.

69 832 236 898 Merct302
248 835 357 918 quinA
370 844 467 910 recte,
479 836 555 918 quid
563 833 601 916 B,
615 837 669 920 qui
679 833 749 899 OD.
766 833 847 901 Tria.
861 833 925 900 464
936 837 1010 920 quia
1021 835 1064 914 A,
1078 835 1188 922 quidP
1199 837 1293 903 falso.

113 953 224 1020 Pseud.
248 951 311 1016 298
332 949 382 1017 A:
405 949 541 1016 Postilla
565 974 676 1017 omnes
699 952 858 1017 cautiores
882 963 956 1017 sunt

333 1053 375 1120 P:
397 1053 453 1120 Ab
476 1054 588 1120 alienis
611 1055 771 1120 cautiores
794 1064 881 1122 sunt.

69 1156 110 1221 cf.
133 1153 349 1241 Niemeyerus
382 1179 414 1243 p.
432 1155 490 1233 54,
524 1157 581 1240 qui
609 1158 648 1221 ab
677 1159 782 1222 alienis
803 1169 839 1223 ut
867 1158 1029 1245 glossema
1056 1161 1164 1225 versui
1186 1182 1295 1247 super·
1392 1186 1395 1195 ·

68 1257 228 1343 scriptum
249 1257 350 1324 fuisse
371 1280 465 1346 posse
488 1259 646 1324 concedit.
691 1269 724 1324 at
747 1282 810 1324 non
833 1272 880 1325 est
901 1261 1173 1347 interpretationis
1195 1283 1294 1329 causa

68 1358 270 1444 adscriptum
282 1358 357 1424 huic
369 1361 487 1438 versui,
505 1382 579 1425 nam
597 1362 782 1438 ‚cautiorem
798 1384 868 1426 esse
886 1363 928 1429 ab
944 1362 1063 1451 aliquo‘
1078 1363 1215 1430 latinum
1229 1387 1293 1431 non

67 1471 132 1539 eet,
150 1461 208 1526 sed
223 1461 333 1526 versui
347 1462 550 1528 antecedenti
566 1462 641 1548 ,Qui
657 1485 749 1529 suom
765 1487 862 1552 quom
877 1475 1046 1551 repetunt‘,
1059 1488 1102 1534 sc.
1115 1466 1156 1532 ab
1170 1467 1292 1533 alienis.

113 1564 225 1628 Pseud.
248 1563 311 1630 398

153 1667 225 1754 Ag:
248 1665 394 1754 Propera
416 1666 523 1733 adduc
547 1667 709 1733 hominem
732 1669 878 1734 celeriter

177 1768 222 1835 P:
245 1770 392 1857 Propera
414 1770 522 1836 adduc
545 1771 705 1835 hominem
728 1772 801 1838 cito.

66 1873 283 1958 Niemeyerus
315 1897 345 1961 p.
374 1873 415 1938 21
451 1895 592 1938 errorem
620 1874 793 1940 alibraric
826 1875 1034 1940 commissum
1061 1897 1132 1940 esse
1160 1877 1292 1943 minime

67 1976 227 2054 concedit,
249 1977 348 2040 immo
371 1977 438 2042 eius
461 1976 645 2041 auctoritati
672 1977 831 2041 succurrit
859 1977 1045 2041 coniectura
1067 1998 1216 2062 ,propera
1240 1979 1291 2043 ho

67 2079 189 2144 minem
217 2078 324 2144 adhue
350 2079 518 2144 celeriter‘.
569 2078 608 2144 de
642 2079 927 2166 proceleusmatico
961 2079 1155 2146 Muellerum
1187 2081 1292 2146 citans

65 2183 170 2270 (Prot.
193 2183 297 2247 Plaut.
321 2204 352 2267 p.
368 2182 423 2268 56)
446 2181 527 2246 haec
543 2181 649 2245 addit:
673 2205 880 2270 ,quamquam
896 2181 1033 2248 Plautus
1054 2183 1088 2247 in
1104 2184 1292 2249 universum

63 2284 392 2371 proceleusmaticum
425 2295 512 2350 recto
540 2284 660 2350 iudicio
686 2307 819 2370 perraro
847 2307 961 2371 passus
991 2297 1054 2369 est,
1089 2298 1198 2351 tamen
1230 2287 1293 2352 hoc

65 2388 140 2452 loco
161 2387 418 2473 interpunctione
441 2399 473 2451 et
496 2388 602 2453 colore
624 2389 778 2453 orationis
801 2411 865 2455 non
888 2389 992 2454 solum
1015 2399 1205 2467 excusatur,
1233 2389 1292 2454 sed

65 2492 167 2556 etiam
190 2501 266 2576 apte
288 2491 489 2557 admittitur.‘
517 2490 549 2554 in
574 2490 691 2577 quibus
713 2490 947 2578 redarguendis
974 2490 1048 2556 nolo
1070 2490 1187 2578 longus
1210 2513 1291 2559 esse.

65 2594 272 2681 Geppertum
290 2605 398 2658 autem
421 2593 461 2658 de
472 2616 606 2680 propera
628 2593 766 2659 delendo
783 2593 941 2680 cogitasse
964 2593 1120 2659 adnotare
1135 2596 1214 2659 satis
1229 2603 1290 2658 est.

155 2696 248 2762 Stieis.
264 2696 342 2772 392;
366 2697 405 2763 cf.
422 2695 641 2780 Niemeyerus
655 2717 685 2780 p.
702 2696 752 2762 33.
775 2695 947 2775 ,Hercules
969 2696 1025 2784 qui
1047 2695 1127 2761 deus
1149 2695 1204 2774 sis,
1227 2695 1290 2760 dis·

66 2800 280 2887 cessistinon
302 2798 394 2864 bene‘
418 2803 457 2877 A,
480 2822 539 2863 sou
561 2799 640 2862 mule
663 2797 699 2879 P,
725 2819 807 2883 quae
829 2819 918 2862 mera
940 2798 1160 2884 interpretatio
1182 2808 1240 2863 est.

161 2901 247 2965 Tuus.
272 2901 331 2966 181
366 2901 511 2979 ,Amanti
542 2901 568 2965 si
597 2900 674 2965 cuin
701 2899 788 2984 quod
817 2899 901 2966 dabo
924 2922 989 2965 non
1010 2911 1075 2979 est,
1103 2923 1167 2965 non
1190 2900 1289 2967 didici

61 3003 216 3070 fabulari‘
238 3003 272 3069 A
279 3028 288 3081 ;
320 3003 482 3081 ,Amantis
510 3003 609 3090 siquit
630 3026 695 3067 non
718 3004 842 3067 danunt
865 3023 930 3067 non
952 3002 1051 3068 didici
1073 3002 1224 3070 fabulari‘
1245 3002 1289 3082 P3

65 3108 108 3176 cf.
131 3106 347 3190 Niemeyerus
376 3129 407 3192 p.
429 3107 485 3184 23,
514 3109 569 3191 qui
604 3105 688 3171 inP
721 3118 859 3172 metrum
886 3106 1042 3172 intactum
1071 3128 1141 3172 esse
1169 3118 1288 3174 monet.

64 3220 102 3276 at
122 3210 155 3274 in
178 3232 217 3274 eo
239 3230 367 3296 quoque
390 3210 577 3295 exemplari,
601 3231 644 3273 ex
661 3229 726 3293 quo
741 3207 848 3273 scriba
862 3205 1117 3273 Ambrosianum
1139 3210 1288 3286 confecit,

64 3336 127 3378 non
154 3327 227 3399 post
255 3315 305 3376 cui
325 3312 444 3376 lectum
473 3333 543 3376 esse
572 3333 613 3375 ex
645 3312 758 3377 relicta
784 3311 892 3376 littera
914 3336 950 3389 a,
984 3332 1083 3396 quam
1111 3322 1225 3399 postea
1251 3323 1289 3380 nt

65 3437 343 3501 supervacaneam
359 3414 478 3479 delevit
492 3423 548 3479 aut
565 3412 673 3479 scriba
690 3429 746 3480 aut
761 3427 930 3497 corrector,
946 3413 1154 3500 intellegitur.
1176 3416 1287 3502 itaque

65 3519 287 3610 Relatinorum
303 3518 471 3603 archetypi
486 3515 592 3581 scriba
614 3516 783 3603 exemplar
805 3539 899 3582 suum
914 3515 1064 3604 religiose
1080 3517 1289 3605 descripsisse

67 3623 208 3701 videtur,
230 3623 264 3688 in
286 3622 320 3687 A
343 3632 452 3688 autem
474 3619 705 3708 grammaticus
733 3618 935 3704 ineptissima
957 3618 1058 3684 verba
1085 3618 1183 3705 ,qnod
1205 3618 1290 3685 dabo

64 3749 132 3792 non
155 3735 214 3792 est‘
237 3724 403 3790 addidisse
427 3723 561 3790 videtur.

158 3830 243 3894 Teuc.
266 3828 330 3892 224
351 3829 395 3892 A:
429 3827 539 3906 ,Bonis
568 3849 638 3891 esse
666 3835 792 3911 oportet
822 3822 971 3889 dentibus
998 3824 1105 3889 lenam
1127 3823 1273 3910 probam‘
1279 3849 1289 3904 3

59 3933 212 4022 probrum
233 3929 272 3995 P.
294 3927 510 4013 Niemeyerus
531 3950 564 4013 p.
580 3929 638 3994 35:
673 3939 844 4006 ,corrector
872 3949 993 3992 novum
1022 3927 1218 3993 adiectivum
1248 3927 1290 3992 ad

65 4034 251 4121 exemplum
273 4031 466 4098 substantivi
485 4033 632 4117 probrum
653 4032 790 4097 fortasse
811 4030 929 4094 finxit!
973 4026 1153 4094 Schoellius
1176 4026 1218 4092 ad
1240 4051 1288 4094 v.:

66 4138 184 4227 ,quode
206 4138 316 4224 inepta
339 4135 462 4223 profert
483 4132 714 4219 Niemeyerus:
737 4133 778 4201 cf.
793 4132 867 4210 832,
885 4133 995 4218 prolui
1005 4129 1065 4196 Bc
1081 4161 1124 4181 ==
1134 4131 1247 4217 probi!

152 4241 245 4306 Poea.
269 4239 330 4305 701
360 4236 425 4317 ,Ibi
452 4258 513 4322 ego
535 4249 565 4301 te
593 4232 723 4321 replebo
752 4255 856 4320 usque
889 4240 1091 4319 unguentum
1118 4231 1289 4317 geumatis‘

66 4346 114 4422 A3
136 4342 200 4422 ,Ibi
222 4355 254 4408 te
276 4339 534 4427 replebo-usque
551 4345 750 4425 unguentum
773 4335 961 4422 egeumatis‘
977 4333 1016 4398 P.
1046 4333 1289 4401 Studemundus

67 4472 137 4515 aaa.
155 4448 233 4534 pttt.
255 4443 380 4512 XOIII
407 4468 438 4532 p.
462 4442 519 4506 62:
554 4441 658 4520 ,Poeta
687 4438 745 4504 HI
767 4438 804 4517 3,
831 4438 872 4503 88
906 4436 1031 4504 schiebt
1057 4436 1092 4500 A
1122 4459 1183 4524 ego
1206 4438 1290 4503 nach

66 4550 113 4617 ibi
130 4551 193 4629 ein,
215 4549 298 4636 folgt
322 4548 390 4613 also
407 4547 497 4612 einer
510 4567 594 4632 ganz
611 4543 733 4609 andern
750 4540 954 4610 Recension.‘
971 4538 1059 4625 quod
1076 4551 1145 4607 tum
1160 4541 1291 4608 demum

1085 4662 1119 4719 12
