3120 5138
681 331 882 429 ..ιι-

168 531 253 604 blus.
269 534 371 603 Rben.
385 534 449 601 vol.
465 533 651 602 XXXVIII
667 558 698 623 p.
716 536 756 601 10
772 535 952 601 certissima
967 533 1191 601 emendatione
1202 558 1261 624 pro
1276 559 1311 601 aa
1326 537 1394 624 ipso

172 637 236 724 (sic
263 637 305 724 P)
338 636 391 704 vel
424 639 491 724 ipso
524 638 585 725 (sic
613 637 659 721 A)
690 637 819 722 scripsit
847 659 943 726 eapse.
991 638 1075 704 baec
1110 660 1188 704 vero
1221 662 1286 704 vox
1320 661 1393 705 cum

168 738 351 805 bacchiaco
371 739 577 805 Ambrosiani
605 749 707 804 metro
729 760 794 805 non
816 743 890 808 coit.
928 744 1001 829 quis
1023 742 1123 827 igitur
1138 739 1336 806 dubitaverit
1353 741 1393 806 de

167 839 379 907 Ambrosiani
403 839 540 906 fraude?
636 844 659 877 ²

170 962 173 966 '
215 942 325 1010 (listcll
343 944 379 1010 11
402 944 431 1023 1,
460 945 503 1009 42
526 944 747 1011 Palatinorum
769 967 882 1010 versus

141 1115 148 1132 ‚
257 1047 352 1112 Anne
367 1058 403 1113 nt
417 1049 515 1112 etiam
530 1046 610 1134 quid
626 1048 814 1112 consultura
833 1049 877 1112 sis
893 1049 993 1113 sciam
1009 1047 1111 1114 Man.
1127 1047 1231 1132 Perge
1246 1047 1355 1132 eloqui

165 1170 243 1236 quo,
265 1149 362 1214 modo
383 1148 542 1215 deleveris
559 1161 603 1228 at,
616 1149 694 1234 quin
714 1172 830 1215 manus
847 1162 961 1237 poetae
977 1160 1238 1238 repraesentetur
1256 1173 1320 1216 non
1338 1151 1394 1216 du-

166 1251 258 1318 bium
282 1263 344 1335 est,
369 1253 411 1317 ab
434 1253 669 1319 Ambrosianus
691 1254 887 1319 recensionis
909 1263 1039 1318 auctore
1066 1254 1100 1317 in
1128 1254 1291 1318 senarium
1319 1274 1392 1317 con-

166 1366 292 1421 tractus
326 1366 388 1440 est,
421 1369 455 1420 ot
490 1369 520 1422 et
541 1360 634 1421 sciam
657 1357 780 1435 deletis,
812 1359 852 1419 sis
874 1357 967 1420 metri
995 1356 1101 1441 gratia
1135 1357 1168 1421 in
1202 1377 1231 1420 ee
1258 1366 1390 1437 mutato,

166 1480 327 1548 personae
342 1460 518 1525 motatione
535 1459 676 1525 sublata:

255 1559 351 1626 Anne
373 1563 471 1626 etiam
493 1562 573 1649 quid
595 1561 781 1627 constiltnra
804 1582 839 1624 cs
862 1579 962 1645 perge
982 1558 1100 1646 eloqui.

164 1656 201 1726 in
224 1661 367 1729 absurda
393 1685 479 1751 quae
500 1663 577 1728 inde
599 1663 708 1729 evadit
730 1662 889 1728 sententis
908 1661 1023 1748 siquis
1040 1664 1388 1749 casumpotiusquam

165 1765 336 1830 consilinm
356 1767 599 1852 agnoscendum
620 1787 690 1831 esse
706 1765 846 1850 colligat,
863 1786 954 1828 snam
971 1764 1033 1828 sibi
1055 1763 1173 1829 babeat
1188 1766 1388 1852 opinionem:

167 1888 230 1951 ego
255 1879 353 1932 certe
388 1888 517 1934 versum
550 1889 571 1934 a
604 1877 785 1934 correctore
814 1866 1023 1932 subornatum
1057 1887 1126 1932 esse
1161 1866 1389 1932 verisimilius

168 1968 315 2052 babobo,
345 1970 441 2058 qnam
464 1981 500 2036 nt
525 1993 569 2036 ex
597 1968 803 2058 quadruplici
831 1969 1034 2036 librariorum
1063 1991 1171 2035 errore
1201 1992 1289 2036 mero
1312 1991 1390 2036 casu

166 2073 331 2138 senarium
354 2074 497 2138 evasisse
519 2073 662 2140 credam.

254 2173 298 2238 Hi
332 2174 398 2239 fere
432 2185 507 2241 sunt
540 2175 616 2257 loci,
652 2173 768 2262 quibus
803 2173 1008 2240 Ambrosiani
1043 2184 1205 2239 corrector
1236 2175 1389 2241 metricus

167 2276 400 2343 audacioribus
427 2275 599 2343 verborum
633 2276 865 2343 mutationibus
898 2299 1050 2342 versuum
1082 2299 1204 2363 genera
1239 2280 1391 2363 mutavit3

167 2380 256 2446 nolui
285 2381 369 2445 enim
399 2403 436 2445 eo
466 2380 634 2467 progredi,
664 2391 698 2444 ut
725 2402 780 2446 eos
803 2402 930 2468 quoque
959 2378 1045 2446 locos
1074 2379 1238 2463 afferrem,
1273 2380 1391 2468 quibus

166 2493 223 2547 aut
252 2493 356 2548 metra
390 2483 514 2551 incerta
546 2493 603 2549 aut
636 2483 873 2570 discrepantiae
902 2477 1124 2548 recensionem
1158 2493 1222 2548 tam
1253 2484 1392 2571 exiguae

167 2594 250 2667 sunt,
275 2597 311 2650 ut
333 2578 613 2653 decemoctorum
637 2587 846 2651 metricorum
868 2583 1028 2649 industria
1049 2584 1163 2651 merito
1185 2583 1323 2653 dubites.

223 2719 226 2723 ·
253 2685 422 2753 Palatinos
445 2687 601 2754 eiusmodi
624 2689 864 2767 retractatione,
896 2685 1024 2773 qualem
1052 2687 1084 2750 in
1107 2687 1139 2751 A
1160 2685 1392 2753 demonstravi·

169 2805 254 2873 mus,
298 2791 332 2854 in
351 2791 405 2854 iis
438 2790 552 2855 saltem
591 2790 752 2878 partibus,
779 2784 907 2876 quibus
934 2789 1133 2875 comparatio
1161 2810 1234 2855 cnm
1257 2790 1391 2857 Ambra

167 2894 259 2961 siano
284 2893 409 2956 institui
436 2901 547 2979 potest,
571 2912 675 2979 paene
700 2893 828 2957 omnino
850 2890 968 2956 liberos
991 2912 1061 2955 esso
1080 2890 1274 2958 >confirmare
1297 2915 1390 2980 posse

166 2993 246 3059 mibi
259 2994 389 3072 videor}
398 2986 472 3058 nam
485 2993 541 3059 ubi
553 2992 619 3060 sere
631 2993 889 3060 sbAmbrosiani
901 3003 988 3058 recta
1002 3015 1154 3060 vemuum
1165 2994 1389 3063 distributione

167 3097 312 3162 Palatini
334 3096 469 3181 distant,
491 3090 578 3163 ¹satis
605 3107 729 3163 constat
757 3117 828 3162 eam
857 3096 1060 3183 potissimum
1087 3097 1243 3162 rationem
1270 3096 1389 3183 valere,

167 3210 201 3266 ιιι
233 3199 359 3267 librarii
380 3199 448 3264 sive
477 3198 598 3264 codicis
626 3199 794 3286 archetypi
821 3198 890 3263 sive
911 3199 1060 3286 ipsorum
1084 3198 1302 3266 Palatinarum
1336 3213 1392 3267 aut

167 3296 317 3368 versuum
339 3300 419 3366 fines
441 3300 724 3386 neglexerintaut
747 3301 789 3366 ob
811 3302 908 3387 spatii
930 3302 1087 3367 rationem
1117 3301 1197 3367 duos
1220 3325 1333 3370 versus
1355 3307 1390 3372 in

167 3420 267 3470 unum
295 3404 523 3469 contraxerint.
557 3412 596 3468 ut
617 3423 719 3487 genus
736 3402 994 3469 versuumn?
1009 3414 1166 3469 mutatum
1188 3406 1238 3487 sit,
1264 3405 1390 3473 duobus

167 3508 245 3573 locis
265 3506 405 3572 ridetur
426 3502 554 3572 'fantum
573 3526 666 3584 esse,
691 3506 764 3592 *qui
791 3517 900 3570 tamen
929 3528 1005 3570 cum
1024 3506 1158 3573 consilio
1192 3510 1285 3575 metri
1316 3533 1391 3577 con·

167 3607 322 3675 stituendi
356 3605 597 3673 incredibilem
606 3608 795 3672 correctoris
828 3606 1076 3693 imprudentiam
1112 3609 1297 3689 ostendunt,
1339 3635 1391 3680 ne

168 3734 335 3800 quaquam
344 3708 597 3798 recuperandam
614 3707 710 3774 illam
718 3731 792 3774 oum
808 3708 998 3775 doctrina
970 3730 1047 3792 erus,
1072 3734 1127 3828 qus
1117 3711 1391 3781 Ambrosianum

168 3817 388 3881 recensionem
410 3812 558 3880 confecit
1195 3866 1198 3873 .
1231 3866 1233 3872 ,

202 3919 356 4004 ’··Ερίάι
371 3916 423 3982 21
437 3916 670 3988 Ambrosianus
693 3915 850 4029 proximis
871 3913 1020 3980 versibus
1049 3876 1279 3982 convenienter
1306 3929 1390 3986 octo·

169 4021 307 4086 nanum
316 4019 509 4086 iambicum
505 4016 661 4084 exbibet:
836 4064 840 4077 .

213 4116 493 4211 VolupttbiIem
512 4121 600 4186 mih-i
628 4120 776 4186 nuntium
794 4130 869 4184 tuo
875 4070 1017 4184 adventu
1046 4115 1197 4205 adportas
1220 4118 1388 4208 Thesprio.

171 4232 302 4291 veram
317 4214 462 4292 linem
451 4246 487 4290 m
513 4222 696 4310 archetypo
727 4222 951 4288 Palatinornm
991 4219 1137 4287 mutilum
1170 4220 1391 4288 infelicissima

168 4327 657 4416 operatorrector'quidam
624 4348 678 4392 src
699 4336 882 4392 restaurare
904 4323 1040 4389 studuit:

307 4429 548 4519 Voluptdbilem
571 4429 650 4495 mihi
672 4431 820 4494 nuntium
843 4440 898 4493 tuo
921 4426 1063 4492 adventu
1085 4425 1240 4491 adtullsti.

169 4531 237 4597 Nec
260 4530 332 4620 plns
355 4532 491 4620 profecit
513 4531 606 4597 Sciet.
628 4529 701 4597 314.
723 4531 787 4597 315

1221 4647 1238 4705 2
