3120 5138
716 317 758 383 49

327 517 420 602 Quae
443 521 486 584 mi
509 532 606 609 atque
629 524 742 590 amicis
765 525 889 610 placeat
914 526 1060 590 condicio
1084 528 1186 613 magis

122 643 254 707 prorsus
278 621 356 686 nihil
379 622 498 702 valent,
522 625 643 713 quippe
666 627 699 691 in
715 627 832 710 quibus
855 628 1020 692 sententiis
1035 629 1204 695 correlatio
1227 654 1246 696 a
1269 652 1346 696 vera

122 725 313 790 attractione
346 747 410 790 non
438 726 643 793 mediocriter
666 729 794 795 diversa
823 731 992 796 statuenda
1021 731 1080 808 sit;
1114 753 1174 796 nec
1202 732 1345 799 Lucretii

122 825 215 890 locus
238 825 330 910 (IIII
351 827 429 914 560)

206 928 297 1016 Ergo
317 929 363 1007 fit,
386 930 525 995 sonitum
547 944 583 996 ut
605 934 708 1020 possis
731 935 859 1016 sentire,
881 957 985 1022 neque
1007 935 1098 999 illam

208 1031 431 1099 Internoscere
454 1034 626 1100 verborum
648 1037 806 1101 sententia
829 1060 912 1121 quae
934 1039 986 1119 sit,

122 1155 323 1222 quamquam
344 1136 378 1200 in
402 1159 439 1201 eo
464 1159 539 1202 vera
562 1139 710 1205 attractio
727 1141 934 1225 agnoscenda
956 1151 1015 1218 est,
1037 1139 1241 1206 adhibendus
1264 1152 1344 1219 erat,

121 1236 275 1323 quoniam
302 1238 365 1302 hoc
392 1239 463 1303 loco
493 1263 556 1304 non
585 1252 651 1305 tam
679 1242 815 1309 verbum
837 1243 1007 1328 pendentis
1036 1243 1211 1319 enuntiati,
1246 1264 1344 1327 quam

122 1361 262 1425 sequens
285 1363 462 1426 pronomen
484 1367 561 1430 quoe
584 1345 803 1410 antecedentis
830 1345 969 1410 nominis
992 1368 1104 1410 casum
1128 1345 1274 1410 mutavit.
1310 1345 1344 1408 in

120 1443 308 1509 universum
342 1446 432 1509 Most.
466 1468 497 1512 v.
526 1445 587 1510 811
623 1458 692 1512 tum
726 1459 850 1514 tanturn
883 1470 956 1513 cum
984 1447 1115 1533 Epidioi
1139 1470 1235 1512 versu
1270 1463 1344 1532 apte

122 1546 303 1632 comparari
325 1547 480 1631 testisque
503 1547 574 1614 loco
597 1550 690 1614 citari
705 1563 823 1638 posset,
847 1548 936 1612 side
959 1548 1119 1632 scriptura
1135 1547 1344 1625 ,exitiabilem

121 1670 182 1734 ego
203 1648 321 1712 faciam
342 1648 445 1715 hunc
468 1661 503 1713 ut
525 1650 580 1714 fiat
602 1651 702 1716 dies‘
727 1660 885 1736 ageretur.
932 1649 1049 1714 deinde
1073 1649 1160 1733 quod
1177 1649 1344 1715 Vahlenus

120 1752 241 1837 pergit:
278 1752 415 1830 „etenim
442 1751 595 1831 Plautus,
623 1764 659 1819 ut
688 1753 775 1841 quod
805 1753 904 1837 vulgo
934 1751 1051 1816 dieitur
1083 1751 1212 1829 ,faciam
1235 1764 1271 1817 ut
1293 1752 1344 1816 hic

122 1854 191 1919 dies
214 1853 392 1920 exitiabilis
415 1854 480 1919 fiat‘
509 1855 622 1921 efferre
645 1855 726 1920 solet
754 1855 850 1932 ,hunc
873 1854 958 1918 diem
986 1854 1105 1918 faciam
1135 1864 1170 1916 ut
1196 1855 1253 1919 liat
1275 1854 1341 1919 exi-

122 1957 254 2022 tiabilis‘
290 1957 336 2021 ita
366 1980 452 2023 nunc
480 1959 608 2024 inverso
637 1957 748 2022 ordine
775 1956 889 2021 maluit
922 1953 1130 2032 ‚exitiabilem
1160 1956 1280 2020 faciam
1309 1968 1346 2022 ut

123 2061 175 2125 hic
209 2060 265 2125 fiat
305 2060 396 2125 dies.‘
445 2062 478 2126 in
514 2063 576 2127 hac
608 2072 717 2125 autem
751 2061 958 2126 collocatione
992 2058 1032 2124 de
1067 2059 1228 2125 communi
1257 2079 1345 2122 more

124 2165 282 2227 sermonis
313 2162 459 2229 Plautini
491 2165 541 2241 fit,
582 2177 616 2229 ut
649 2187 765 2230 nomen
799 2164 970 2252 pendentis
1009 2161 1167 2228 enuntiati
1199 2184 1345 2226 normam

125 2272 315 2349 sequatur“:
355 2265 435 2330 haec
465 2265 533 2330 eius
566 2267 725 2331 sententia
759 2268 880 2352 (neque
914 2267 999 2330 enim
1034 2262 1345 2349 argumentationem

124 2367 280 2452 dixerim)
302 2367 426 2455 aliquid
448 2368 586 2447 valeret,
616 2369 643 2433 si
666 2369 889 2434 recensionum
918 2367 1100 2433 testimonia
1123 2365 1344 2445 concinerent3

122 2471 179 2534 sed
203 2493 277 2535 cum
307 2469 393 2535 solus
423 2469 656 2536 Ambrosianus
683 2473 769 2537 hanc
797 2482 991 2537 structuram
1020 2469 1171 2534 aPlauti
1199 2490 1345 2533 sermone

122 2573 262 2638 alienam
289 2572 458 2658 praebeat,
493 2572 595 2639 altera
623 2583 731 2639 autem
763 2575 908 2639 recensio
938 2573 1003 2660 legi
1031 2571 1161 2638 cuidam
1189 2571 1345 2635 sermonis

120 2676 267 2741 Plautini
305 2689 337 2742 et
371 2676 400 2741 ei
433 2677 563 2762 quidem
597 2677 803 2743 reconditiori
837 2676 916 2741 satis
946 2675 1060 2751 iaciat,
1094 2673 1149 2738 ille
1175 2673 1209 2735 in
1238 2694 1272 2736 se
1295 2695 1345 2738 su·

121 2781 300 2865 spicionem
335 2780 541 2845 correctionis
569 2780 675 2845 factae
703 2789 869 2844 convertat
900 2799 1030 2842 necesse
1058 2786 1115 2840 est.
1146 2775 1231 2858 quod
1260 2774 1346 2838 enim

121 2882 236 2947 attinet
270 2883 313 2948 ad
346 2883 569 2948 attractionem
603 2882 691 2969 apud
722 2880 858 2947 verbum
884 2878 1026 2945 faciendi
1049 2877 1242 2953 admissam,
1276 2876 1345 2941 eius

120 2985 216 3072 longe
247 2985 395 3070 plurimis
423 2985 502 3050 locis
526 3007 564 3049 ea
587 2996 635 3049 est
656 2984 747 3066 ratio,
772 2995 807 3047 ut
830 2983 1011 3049 subiectum
1034 2981 1211 3045 sententiae
1234 2999 1345 3043 secun-

122 3087 233 3152 dariae
256 3086 289 3150 in
312 3087 472 3152 obiectum
502 3085 592 3152 verbi
615 3087 722 3174 facere
751 3095 909 3162 mutetur,
938 3085 1160 3170 praedicatum
1188 3084 1345 3148 intactum

120 3189 342 3276 relinquatur;
363 3190 451 3255 velut
473 3190 546 3253 Aut.
568 3188 632 3252 443
654 3209 725 3274 ,ego
754 3199 785 3252 te
813 3189 932 3252 faciam
961 3188 1171 3254 miserrumus
1201 3186 1345 3250 mortalis

121 3304 158 3356 ut
181 3293 234 3356 sis‘
263 3303 295 3356 et
324 3293 369 3356 sic
397 3291 536 3377 saepius.
582 3291 682 3356 multo
713 3290 817 3358 rarius
847 3313 886 3355 ea
914 3301 1075 3356 structura
1102 3289 1275 3371 invenitur,
1309 3303 1346 3355 ut

122 3394 298 3460 sententiae
317 3394 528 3461 secundariae
543 3407 575 3459 et
593 3393 774 3459 subiectum
791 3404 823 3458 et
840 3394 1063 3480 praedicatum
1082 3392 1124 3478 (si
1141 3391 1344 3459 substantivo

122 3498 173 3563 vel
195 3497 357 3563 adieetivo
379 3496 531 3583 efficitur)
553 3496 587 3561 in
610 3495 737 3561 obiecta
759 3496 848 3561 verbi
865 3498 971 3585 facere
992 3505 1170 3579 mutentur3
1194 3495 1283 3561 velut

207 3600 300 3664 Pocn.
322 3598 387 3663 454
407 3668 410 3674 ,
1043 3620 1102 3662 nec
1124 3596 1215 3682 potui
1238 3607 1346 3662 tamen

413 3700 611 3789 uPropitiam
633 3700 796 3769 Venerem
818 3702 926 3766 facere
950 3713 983 3766 ut
1006 3700 1137 3764 tandem
1160 3708 1244 3764 esset
1265 3698 1345 3763 mihi

208 3806 293 3870 Pars.
316 3804 380 3870 760
422 3802 505 3868 Inde
539 3825 600 3888 ego
639 3803 742 3867 omnis
777 3803 912 3880 hilaros,
951 3803 1106 3880 lnbentis,
1142 3800 1345 3867 laetificantis

1071 3904 1189 3969 faciam
1212 3913 1247 3968 ut
1267 3903 1346 3967 fiant

208 4009 281 4073 Aul.
305 4008 367 4072 797
411 4007 516 4092 Quem
545 4031 606 4094 ego
636 4029 731 4073 avom
756 4009 820 4073 feci
847 4009 914 4073 iam
942 4018 977 4073 ut
1005 4029 1092 4073 esses
1119 4006 1196 4071 filiai
1219 4007 1340 4092 nuptiis

124 4133 261 4198 eamque
273 4123 477 4196 structuram,
497 4134 594 4196 quam
612 4126 780 4198 praeterea
795 4132 859 4174 non
877 4111 996 4188 inveni,
1014 4110 1161 4174 videmus
1176 4108 1344 4173 Palatinos

124 4237 221 4281 versu
243 4213 388 4299 Epidici,
420 4213 460 4279 de
481 4236 546 4299 quo
568 4213 706 4300 agimus,
736 4210 896 4278 exhibere.
942 4235 1103 4300 nusquam
1126 4222 1234 4277 autem
1255 4232 1345 4297 prae-

124 4317 267 4383 dicatum
301 4317 478 4382 sententiae
510 4315 722 4381 secundariae
755 4315 798 4381 ad
826 4316 962 4382 verbum
991 4315 1130 4380 faciendi
1159 4313 1342 4391 attrahitur,

124 4442 199 4485 cum
222 4418 402 4485 subiectum
425 4419 583 4484 intactum
611 4420 819 4506 relinquatur,
843 4419 877 4482 id
900 4418 987 4504 quod
1010 4417 1140 4503 Epidici
1162 4437 1258 4480 versu
1281 4437 1347 4479 cor-

124 4533 231 4591 rector
244 4520 456 4590 Ambrosiani
468 4520 615 4585 instituit.
644 4521 751 4608 itaque
763 4519 973 4586 Ambrosiani
991 4521 1185 4606 scripturam
1197 4518 1348 4605 analogia

1161 4640 1178 4696 4
