3120 5138
681 312 883 416 ,ut-

219 517 286 586 Cas.
303 517 416 595 Vbi)

259 622 308 685 A:
331 619 418 704 Quid
441 620 513 706 agis
534 619 723 689 dismarite?

257 723 301 788 P:
323 722 412 808 Quid
433 723 506 808 agis
528 733 563 787 tu
585 723 726 790 marite?

220 828 300 893 Tria
321 825 385 891 309

256 929 300 994 P:
323 927 411 1016 Si[n]
435 930 504 1014 ipse
527 928 670 993 animum
692 929 825 1015 pepulit,
847 930 937 1006 vivit,
962 929 1066 995 victor
1086 931 1285 999 victorum
1307 935 1388 998 cluet

256 1035 304 1097 A:
328 1030 415 1119 squ]
439 1032 508 1116 ipse
523 1032 666 1096 animum
682 1032 816 1117 pepulit,
840 1033 931 1113 vivit,
948 1033 1054 1099 victor
1076 1036 1278 1101 virtutum
1301 1037 1391 1102 cluet.

170 1141 324 1213 sinotum,
348 1136 407 1199 etsi
423 1158 530 1199 errore
545 1134 668 1199 librarii
683 1135 839 1220 scriptum
854 1156 923 1198 esse
946 1146 1062 1220 potest,
1078 1150 1184 1202 tamen
1202 1138 1388 1203 histrionem

171 1239 315 1305 novandi
337 1237 490 1325 cupidum
514 1237 600 1302 olere
622 1237 701 1300 mihi
724 1237 862 1313 videtur.

257 1341 390 1406 Minoris
414 1338 567 1405 momenti
589 1351 665 1405 sunt

257 1446 366 1510 Pseud.
384 1443 447 1508 893
468 1442 510 1506 P:
541 1442 624 1506 Nam
647 1443 700 1507 hic
722 1463 850 1528 quoque
870 1441 1024 1505 scelestus
1041 1453 1089 1506 est
1111 1443 1207 1528 coqui
1224 1443 1391 1512 sublineio.

170 1548 319 1631 sublinpio
352 1543 542 1622 Turnebus;
581 1544 621 1607 de
658 1545 691 1608 A
724 1543 765 1608 cf.
799 1542 948 1609 Iroewius
980 1545 1074 1612 Amul.
1109 1544 1214 1613 Ptaar.
1246 1569 1281 1631 p.
1317 1549 1391 1614 170:

172 1648 409 1735 ,palimpsestus
442 1647 485 1711 ad
511 1647 712 1733 praeclaram
740 1646 824 1711 redit
851 1645 936 1710 hauc
967 1646 1177 1733 scripturam:
1211 1661 1252 1712 est
1283 1654 1393 1737 qaoqai

171 1752 349 1837 subliopulo.
372 1752 540 1836 sablinpub
555 1761 662 1814 autem
685 1773 705 1813 a
719 1749 906 1834 subliapalua
928 1748 1012 1815 sicut
1027 1751 1186 1835 subrepalo
1208 1774 1228 1815 a
1249 1755 1389 1840 subrepta

173 1856 227 1918 lus.
245 1855 404 1939 subrepulc
429 1865 535 1918 autem
561 1851 662 1915 habes
693 1851 726 1914 in
752 1850 873 1914 inedita
900 1850 993 1915 libri
1018 1851 1244 1937 glossarum
1271 1856 1389 1941 glossa,

170 1957 258 2020 velut
293 1956 325 2019 in
347 1955 565 2020 Ambrosiano
592 1953 755 2018 B36inf.
784 1953 829 2018 sic
858 1952 991 2017 tradita:
1022 2007 1030 2022 .
1055 2007 1063 2023 .
1087 1953 1280 2021 Tetrarcba:
1315 1960 1386 2024 sub-

169 2057 301 2143 regulo‘.
362 2058 418 2122 sed
450 2059 594 2122 sublimio
631 2057 766 2120 fortasse
799 2077 888 2119 mero
927 2077 1033 2122 errore
1067 2080 1086 2120 a
1119 2057 1252 2123 librario
1297 2061 1386 2126 verbi

170 2160 342 2247 sabliapalo
362 2159 478 2245 ignaro
501 2161 657 2246 scriptum
679 2170 737 2224 est.

213 2261 306 2328 sttct.
328 2260 391 2326 306
1244 2330 1247 2334 ,

253 2365 301 2429 A:
325 2364 492 2448 Simulque
509 2364 550 2428 ad
566 2387 732 2429 cursuram
747 2362 926 2430 meditabor
941 2361 1016 2452 [me]
1033 2362 1075 2426 ad
1095 2363 1187 2429 ludos
1204 2365 1387 2455 Olympios.

170 2490 216 2531 me
238 2466 316 2545 AP,
339 2465 459 2531 delevit
480 2466 691 2545 Bitscbelius3
718 2466 875 2553 Olympiae
889 2465 928 2544 P,
950 2466 983 2529 in
1004 2466 1090 2550 quod
1113 2491 1290 2552 numquam
1312 2472 1390 2538 iuci-

170 2569 268 2634 disset
289 2569 534 2656 grammaticus:
551 2570 590 2635 cf.
616 2569 682 2634 Cas.
706 2568 757 2636 IV
782 2570 809 2646 l,
835 2569 851 2632 1
876 2590 945 2644 ,nec
968 2569 1021 2655 pol
1039 2591 1099 2654 ego
1120 2569 1265 2638 Nemeae
1289 2577 1387 2643 credo

170 2694 275 2757 nsque
307 2694 368 2759 ego
401 2671 574 2758 Olympiae
607 2670 723 2755 Neque
756 2693 893 2757 usquam
927 2671 1019 2736 ludos
1053 2683 1120 2737 tam
1152 2674 1284 2741 festivos
1299 2669 1388 2760 ¹fiori,

170 2774 277 2857 Quam
300 2774 353 2839 hic
375 2776 461 2840 intus
483 2777 584 2851 fiunt‘,
608 2773 699 2839 cuius
721 2772 783 2838 loci
805 2775 940 2837 fortasse
963 2795 1085 2838 memor
1107 2775 1168 2843 fuit
1190 2776 1313 2843 histrio.

214 2880 326 2944 Pseud.
351 2879 410 2945 157
434 2879 483 2942 A:
506 2879 578 2942 face
601 2877 732 2965 plenum
753 2876 892 2940 ahenum
917 2875 959 2939 sit
981 2897 1057 2942 coco

428 2980 472 3046 P:
495 2982 566 3064 ¹face
588 2981 720 3066 plenum
743 2979 882 3045 ahenum
905 2980 946 3042 sit
968 2979 1042 3043 cito.

169 3107 209 3149 ne
232 3085 293 3148 hoc
315 3084 447 3168 quidem
463 3083 719 3168 grammaticum,
742 3082 804 3145 nisi
820 3083 899 3146 forte
916 3104 1055 3146 errorem
1070 3084 1195 3161 statuis,
1218 3086 1387 3170 scripsisse

169 3186 352 3252 verisimile.
397 3186 508 3250 eodem
533 3209 627 3254 versu
650 3186 751 3250 altera
776 3184 993 3270 discrepantia
1021 3184 1104 3249 inter
1125 3186 1159 3250 A
1182 3196 1213 3250 et
1237 3188 1262 3250 P
1283 3200 1390 3255 extat:

427 3289 470 3354 P:
493 3287 545 3354 'Pu
569 3289 624 3374 qui
647 3311 761 3352 urnam
784 3287 895 3365 habes,
919 3309 1037 3373 aquam
1060 3287 1170 3372 ingere

170 3391 211 3454 cf.
235 3391 299 3455 369
321 3390 370 3468 ,In
395 3404 578 3477 pertussum
606 3390 782 3475 ingerimus
806 3389 891 3453 dicta
915 3388 1062 3467 dolium‘3
1096 3391 1129 3454 A
1153 3399 1233 3455 teste
1255 3390 1389 3458 Loewio

167 3492 188 3560 l.
205 3514 231 3560 c.
247 3514 278 3577 p.
296 3493 358 3557 164
373 3516 456 3578 epate
473 3494 606 3579 praebet
621 3494 754 3571 ,scilicet
769 3515 786 3557 e
802 3504 913 3578 puteo:
929 3494 995 3556 tole
1013 3486 1150 3570 Wasser‘,
1167 3494 1253 3579 quod
1270 3517 1388 3579 nequa-

169 3616 268 3683 quam
290 3617 350 3681 ego
373 3595 504 3680 quidem
527 3596 746 3680 praetulerim.
791 3619 884 3661 versu
907 3595 970 3660 369
992 3596 1230 3682 comprobatur,
1257 3598 1346 3681 quod
1369 3622 1387 3663 e

168 3697 353 3763 coniectura
382 3720 477 3765 versu
503 3700 613 3764 Pseud.
631 3698 693 3763 102
713 3697 890 3764 Salmasius
913 3698 1051 3784 scripsit,
1074 3722 1182 3783 ,quam
1204 3701 1232 3763 si
1247 3699 1382 3765 imbrem

165 3800 199 3864 in
222 3800 362 3866 cribrum
383 3801 553 3887 ingeras‘
576 3824 635 3887 pro
658 3801 881 3866 Palatinorum
900 3824 998 3886 peras.
1042 3802 1129 3885 quod
1153 3804 1184 3865 in
1208 3803 1240 3866 A
1264 3813 1312 3867 est
1338 3805 1381 3880 ‚in

168 3887 317 3966 crebrum
340 3903 450 3990 legas‘,
472 3927 537 3968 non
561 3925 634 3969 cum
655 3902 786 3968 Loewio
809 3903 829 3970 l.
852 3924 878 3968 o.
899 3926 932 3988 p,
943 3904 1010 3968 ,156
1033 3925 1091 3988 pro
1116 3905 1306 3990 corruptela,
1332 3907 1389 3971 sed

167 4026 227 4091 pro
257 4005 348 4070 varia
382 4007 518 4075 lectione
547 4005 730 4082 habuerim,
765 4028 838 4071 cum
866 4006 1011 4084 ,imbrem
1045 4008 1078 4070 in
1109 4006 1250 4073 cribrum
1279 4010 1387 4096 legere

168 4108 411 4194 (aufsammaln)‘
433 4130 564 4195 prorsus
587 4117 662 4193 apte
686 4107 821 4174 dicatur.

254 4209 327 4275 Iam
350 4210 392 4275 ad
415 4210 515 4275 verba
537 4211 712 4296 pergimus.

251 4313 343 4380 Poea.
358 4312 440 4379 1344
456 4313 497 4376 P:
520 4309 606 4395 Quia
623 4311 735 4401 [enim]
749 4312 845 4377 hasce
863 4313 914 4378 aio
931 4313 1046 4378 liberas
1061 4313 1292 4401 Ingenuasque
1307 4338 1387 4385 esse.

167 4411 276 4490 ,hasce
299 4436 351 4478 mo
373 4413 503 4479 liberas‘
526 4413 572 4491 B,
601 4413 709 4490 ,hasce
731 4415 827 4480 modo
849 4414 977 4480 liberas‘
1004 4416 1074 4495 OD,
1103 4417 1190 4501 quod
1217 4417 1321 4484 redire
1344 4420 1387 4485 ad

165 4516 250 4579 lassae
272 4519 321 4580 aio
343 4518 452 4581 liberas
474 4517 539 4580 iam
557 4515 763 4582 Camerarius
779 4519 938 4604 cognovit.
954 4519 1072 4607 ,qu[ia]
1089 4520 1146 4584 bas
1163 4521 1236 4585 dico
1250 4520 1321 4584 l-‘
1337 4522 1387 4603 A:
