3120 5138
766 277 804 342 11

681 367 882 377 ...ι-*-

208 479 252 545 P:
281 479 362 544 Mihi
404 479 501 545 etiam
547 480 690 546 familiae
732 483 820 548 omni
862 482 904 546 sit
941 504 1031 547 meae
1061 493 1180 569 atque
1219 482 1315 548 adeo
1351 493 1393 550 ut

778 587 937 651 frumento
958 583 1090 649 affluam

210 684 270 748 Al:
295 683 377 749 Mihi
408 696 439 750 et
461 684 603 750 malitiae
632 707 722 752 meaa
749 688 803 773 (dc
831 687 1018 774 sequentihus
1045 687 1141 751 verbu
1168 711 1228 752 non
1254 689 1391 773 matut).

165 788 269 852 altera
300 787 462 872 scriptura
490 787 618 852 videtur
645 789 745 854 fuisse
773 802 864 876 atque
885 792 969 863 adeo,
993 788 1096 855 altera
1118 792 1193 855 adeo
1215 803 1257 855 ut.
1301 794 1393 856 aum

166 911 247 956 vero
274 889 356 954 illud
373 890 598 956 Palatinorum
621 892 780 957 sententia
803 915 918 959 carens
941 893 986 957 ita
1002 891 1151 978 expedio,
1173 904 1209 959 ut
1230 897 1294 958 iam
1315 893 1392 959 olim

164 991 307 1079 margini
329 991 529 1076 adscriptum
552 990 657 1057 alieno
680 992 750 1058 loco
772 993 807 1057 in
830 993 856 1058 P
877 993 1059 1080 irrepserit3
1083 995 1123 1061 de
1145 1018 1209 1080 quo
1232 1007 1392 1083 corrupte

163 1094 269 1159 larum
298 1115 418 1180 genere
448 1096 489 1159 cf.
513 1091 549 1159 O.
572 1092 612 1158 F.
636 1092 689 1158 W.
712 1092 850 1160 Mueller
871 1097 959 1160 Prot.
980 1097 1085 1161 Pau.
1116 1122 1147 1184 p.
1163 1097 1227 1162 524
1249 1119 1295 1182 sq.
1319 1097 1392 1163 674.

165 1199 276 1261 Addit.
300 1196 342 1261 86
364 1219 412 1283 sq.
457 1197 568 1264 Schdll
596 1198 704 1279 Praei.
740 1196 824 1262 Truc.
848 1199 931 1264 XVI
959 1222 1007 1283 sq.
1036 1199 1257 1286 reponendum
1285 1210 1392 1265 autem

164 1310 216 1364 e'st
238 1312 313 1365 ante
336 1300 485 1388 affluumr
506 1301 615 1385 itaque
637 1300 697 1364 has
719 1321 831 1366 versus
854 1302 974 1367 formas
997 1303 1111 1370 habes:

209 1402 256 1467 Mi
272 1414 304 1466 et
319 1402 461 1468 familiae
480 1403 567 1468 omni
584 1407 626 1468 sit
641 1424 732 1468 meae
748 1413 847 1486 atque
862 1402 943 1469 aded
959 1404 1121 1470 frumento
1132 1405 1196 1469 iam
1209 1403 1350 1480 affluam,

168 1504 222 1569 vel

212 1606 259 1671 Mi
282 1617 315 1670 et
335 1607 478 1671 familiae
501 1605 588 1672 omni
610 1611 651 1671 sit
673 1628 772 1689 meae,
797 1616 833 1671 ut
856 1605 937 1672 adeo
959 1628 986 1675 e.
1009 1629 1040 1692 q.
1062 1631 1088 1673 s.

254 1707 329 1789 Sed,
355 1719 389 1772 nt
403 1730 420 1772 e
436 1708 636 1774 deverticulo
657 1708 798 1786 redeam,
814 1708 865 1773 his
881 1709 1037 1794 exemplis
1052 1709 1131 1776 nihil
1147 1710 1237 1776 aliud
1253 1709 1392 1795 probare

168 1810 289 1888 studui,
317 1810 377 1874 nisi
406 1810 574 1876 Loewium
601 1810 719 1875 iniuria
748 1810 967 1877 diversitatem
996 1813 1176 1898 scripturae
1198 1835 1240 1878 ex
1262 1834 1391 1898 corrup-

168 1913 234 1976 tela
256 1912 404 1978 derivare
411 1938 420 1991 ;
449 1912 489 1978 de
511 1925 544 1977 ut
565 1913 627 1977 hoc
650 1913 721 1978 loco
742 1912 795 1978 vel
818 1913 985 1979 retinendo
1008 1915 1061 1980 vel
1083 1916 1258 1982 resecando
1281 1927 1394 2003 postea

169 2013 361 2080 videbimus.
399 2016 490 2081 vides
506 2026 623 2094 autem,
646 2017 870 2080 recensionum
891 2016 1069 2103 scripturae
1084 2017 1233 2103 quamvis
1248 2017 1394 2083 diversae

168 2118 248 2194 sint,
281 2130 387 2182 tamen
414 2139 472 2202 per
501 2140 534 2182 se
563 2130 709 2182 neutram
739 2117 830 2182 alteri
854 2118 982 2198 cedere,
1014 2119 1135 2184 utiam
1158 2121 1292 2186 metrica
1314 2119 1395 2184 ratio

169 2220 237 2287 sola
259 2230 372 2298 restet,
400 2242 466 2304 qua
487 2219 527 2285 lis
550 2220 729 2288 dirimatur.
779 2241 817 2285 ac
838 2220 989 2287 Loewius
1018 2222 1149 2309 quidem
1176 2244 1217 2287 ex
1239 2222 1394 2288 memoria

169 2323 392 2389 Palatinorum
415 2322 499 2387 hanc
521 2322 688 2407 stropham
711 2334 759 2387 sat
782 2323 962 2409 elegantem
987 2324 1183 2391 enucleavit:

426 2509 431 2519 .
519 2424 583 2510 Qui
606 2425 688 2490 haec
709 2424 830 2491 habent
853 2426 1004 2491 consilia:

418 2526 482 2592 Ubi
505 2528 581 2593 data
603 2528 770 2607 occasiost,
793 2528 872 2614 rape
895 2529 985 2615 clepe

517 2629 616 2707 Tene,
639 2629 797 2718 harpaga,
821 2631 904 2709 bibe,
928 2632 973 2711 es,
996 2633 1084 2718 fuge.

418 2732 492 2798 Hoc
514 2733 655 2800 eordmst
678 2755 777 2821 opus:
799 2733 971 2821 mavelis1)

520 2834 632 2920 Lupds
654 2835 741 2922 apud
765 2837 854 2902 oveis
876 2836 1023 2921 linquere

377 2977 380 2982 -
420 2936 526 3022 Quam
548 2937 607 3003 hos
629 2937 718 3003 domi
740 2939 899 3004 custddes.

171 3063 254 3124 quae
288 3041 437 3125 quamvis
470 3042 550 3105 scite
583 3041 769 3127 excogitata
796 3041 848 3120 sit,
885 3051 994 3106 tamen
1025 3040 1183 3106 noluerim
1221 3062 1279 3125 pro
1304 3060 1393 3103 .vere

170 3142 324 3208 Plautina
351 3141 479 3211 hahere.
526 3165 631 3227 neque
658 3143 744 3208 enim
767 3143 799 3207 hi
824 3142 939 3209 breves
968 3140 1119 3207 versiculi
1147 3141 1393 3229 concitaturque

171 3245 352 3330 rhythmus,
375 3245 493 3333 quibus
516 3245 622 3310 varios
645 3246 751 3330 potius
773 3246 872 3311 animi
895 3255 1017 3324 motus,
1047 3244 1280 3310 dubitationem
1303 3265 1393 3329 spem

170 3348 337 3435 gaudium,
360 3360 457 3434 poeta
480 3348 662 3433 exprimere
684 3349 778 3427 solet,
801 3349 899 3414 totins
921 3347 1039 3413 cantici
1062 3346 1163 3413 indoli
1187 3347 1391 3424 conveniunt,

171 3472 275 3535 neque
313 3472 440 3528 versus,
482 3450 522 3515 de
555 3449 672 3536 quibus
700 3451 844 3534 agimus,
878 3449 1036 3536 singulari
1070 3447 1210 3532 quodam
1245 3471 1392 3533 novoque

171 3565 373 3639 argumento,
396 3553 482 3618 unde
504 3553 661 3618 rationem
684 3553 776 3618 metri
799 3553 913 3618 mutati
940 3564 1084 3637 repetere
1107 3551 1226 3636 possis,
1250 3551 1393 3636 insignes

172 3669 254 3720 sunt.
300 3655 398 3719 immo
415 3666 452 3719 ut
466 3667 561 3742 poeta
583 3655 715 3721 consilio
733 3668 834 3721 totum
849 3657 916 3719 iere
932 3653 1095 3718 canticum
1110 3653 1220 3717 metris
1236 3651 1392 3729 iambicis,

172 3757 354 3835 trochaicis,
377 3757 602 3842 anapaesticis,
624 3758 745 3845 quippe
768 3780 852 3845 quae
874 3757 1091 3823 tumultuosae
1114 3755 1238 3820 lenonis
1257 3756 1394 3820 orationi

172 3861 314 3925 maxime
330 3858 572 3925 accommodata
594 3861 668 3936 sint,
685 3859 873 3924 intermissis
893 3859 1013 3944 passim
1030 3856 1195 3933 clausulis,
1210 3877 1397 3942 percurrere

173 3960 280 4043 voluit,
288 3960 334 4025 ita
345 3960 398 4025 hic
411 3983 539 4048 quoque
551 3983 652 4024 unum
663 3982 704 4024 ex
716 3959 779 4024 illis
792 3960 883 4025 metri
891 3958 1064 4046 generibus
1070 3971 1106 4024 ut
1117 3962 1322 4024 restituamus
1330 3981 1395 4023 non

173 4061 274 4126 solum
293 4063 474 4149 argumenti
492 4061 677 4143 similitudo,
696 4061 753 4126 sed
772 4063 869 4127 etiam
885 4085 959 4128 cum
970 4061 1179 4127 Ambrosiani
1192 4073 1260 4126 tum
1275 4061 1393 4125 Palati-

172 4185 285 4229 norum
301 4165 455 4230 memoria
477 4187 535 4230 nos
551 4174 667 4229 monet.
707 4176 803 4247 atque
815 4163 980 4230 Palatinos
996 4164 1023 4228 si
1039 4164 1213 4248 sequimur,
1234 4162 1397 4227 lenissima

172 4267 347 4333 mutatione
369 4269 455 4333 iacta
482 4277 621 4332 metrum
642 4266 732 4330 nulla
759 4288 799 4331 ex
823 4276 916 4351 parte
946 4265 1248 4354 reprehendendum
1271 4264 1393 4355 prodit:

257 4368 332 4433 Hdc
354 4391 463 4433 eorum
487 4381 593 4454 opust,
616 4381 651 4433 ut
674 4369 807 4433 mavelis
829 4367 922 4455 lupds
946 4367 1034 4454 apud
1056 4367 1144 4432 oveis
1166 4368 1312 4458 linquere

550 4471 658 4555 Quam
682 4472 738 4536 hos
761 4472 849 4537 domi
872 4469 1031 4535 custodes.

173 4560 372 4572 n—qn-———

259 4608 279 4674 ¹)
296 4605 389 4695 deleto
406 4616 434 4660 ut
452 4612 517 4661 ante
533 4608 649 4662 mavelit.
