3120 5138
679 335 877 436 „Q—

164 538 322 604 videlicet
354 561 438 622 quae
472 541 701 624 grammaticos
741 538 888 627 inprimis
920 538 963 603 ad
1001 539 1194 607 mutationes
1227 539 1392 607 faciendas

166 653 412 706 commoverunt
434 643 584 719 rationes,
609 642 759 727 prosodia
783 652 916 723 vetusta,
940 641 1062 707 formae
1086 641 1263 725 obsoletae,
1292 651 1392 708 struo-

167 753 262 808 turae
295 743 533 836 insolentiores,
576 745 705 811 easdem
740 747 812 832 quis
846 745 1016 830 negaverit
1051 745 1147 809 etiam
1182 744 1392 811 histrionibus

165 848 311 932 potuisse
343 869 455 912 ansam
489 848 568 912 dare
601 847 780 913 mutandi?
805 870 909 934 neque
944 847 1047 931 magis
1076 847 1116 912 de
1149 848 1299 915 scaenica
1331 847 1393 913 dis·

164 950 408 1036 crepantiarum
430 951 555 1034 origine
572 951 720 1015 omnibus
744 949 830 1031 locis,
855 971 935 1037 quos
959 950 990 1013 in
1015 949 1075 1016 hoc
1097 963 1196 1037 caput
1216 973 1392 1036 congrega·

167 1053 291 1128 vimus,
325 1052 421 1137 plane
454 1052 546 1118 nobis
574 1053 732 1136 constitit,
766 1054 863 1117 immo
894 1051 980 1117 haud
1014 1053 1059 1116 ita
1086 1073 1160 1117 raro
1187 1053 1393 1137 grammatici

167 1177 299 1242 quoque
314 1177 423 1219 merae
440 1155 585 1220 mutandi
601 1154 728 1220 libidini
743 1156 811 1219 fere
829 1154 967 1220 eundem
983 1155 1015 1218 in
1031 1154 1162 1220 modum
1177 1154 1388 1223 indulserunt.

165 1256 225 1320 sed
255 1257 408 1343 quoniam
441 1257 585 1341 singulos
619 1257 706 1324 locos
740 1257 837 1323 certis
871 1257 1055 1342 corrigendi
1084 1257 1258 1342 generibus
1286 1255 1391 1324 subici

165 1360 386 1423 necessarium
408 1371 486 1436 erat,
503 1359 635 1424 alterius
664 1362 767 1425 utrius
795 1362 924 1445 generis
954 1361 1189 1447 discrepantias
1212 1359 1390 1446 scripturae

164 1461 307 1547 propriis
320 1463 482 1548 capitibus
494 1462 810 1549 comprehendimus,
824 1486 889 1529 non
902 1486 1096 1550 unoquoque
1110 1464 1179 1528 loco
1192 1463 1392 1529 differentiae

167 1565 328 1650 originem
351 1573 407 1629 aut
421 1564 667 1650 grammaticam
683 1575 740 1629 aut
760 1565 943 1630 senonicam
959 1566 1166 1651 spondentes,
1190 1565 1256 1648 sed,
1282 1585 1392 1651 quam·

165 1669 218 1734 vis
242 1669 273 1731 in
296 1668 483 1733 universum
507 1667 720 1755 bipertitionis
736 1666 900 1732 institutae
923 1670 1047 1735 ratione
1069 1668 1161 1733 firme
1177 1667 1388 1749 confidamus,

165 1773 200 1834 in
224 1769 360 1854 singulis
378 1779 486 1835 tamen
509 1768 543 1835 id
559 1771 775 1835 cummaxime
798 1781 996 1858 appetentes,
1021 1783 1055 1835 ut
1070 1770 1191 1836 similes
1214 1769 1301 1837 locos
1317 1791 1392 1836 oum

167 1872 329 1937 similibus
352 1873 570 1938 conferremus
592 1883 623 1936 et
645 1872 785 1937 rationes
812 1872 996 1958 corrigendi
1025 1871 1258 1938 dilucidissime
1288 1883 1391 1937 osten-

164 1975 325 2043 deremus.
360 1997 458 2063 quam
471 1974 628 2039 rationem
643 1976 671 2039 si
688 1974 740 2038 hic
757 1973 823 2039 illic
839 1974 902 2040 viri
920 1974 1006 2041 docti
1022 1973 1257 2062 improbabunt
1279 1987 1310 2040 et
1328 1972 1388 2040 sub

165 2076 259 2143 aliud
282 2087 393 2165 atquo·
410 2099 468 2142 nos
495 2077 746 2143 iudicaverimus
778 2099 881 2163 genus
904 2077 1088 2163 corrigendi
1120 2076 1277 2165 quosdam
1301 2078 1388 2144 locos

164 2179 285 2245 eadere
308 2180 566 2261 arbitrabuntur,
596 2203 660 2245 non
690 2178 899 2246 labefactabit
926 2181 1040 2266 opinor
1070 2192 1125 2244 aut
1152 2182 1286 2255 rationis
1309 2181 1390 2248 veri·

165 2294 266 2348 tatem
296 2295 352 2349 aut
381 2283 467 2370 quod
496 2306 536 2348 ex
561 2294 671 2348 nostra
697 2284 901 2348 enarratione
929 2291 1145 2368 consequatur
1171 2283 1327 2349 iudicium
1350 2282 1391 2348 de

166 2386 392 2451 recessionum
415 2387 616 2451 auctoritate.

252 2487 297 2553 Ut
319 2487 360 2552 ad
383 2486 488 2574 ipsam
519 2511 588 2552 rem
604 2489 692 2552 viam
715 2487 807 2553 nobis
829 2489 1020 2569 muniamus,
1052 2486 1322 2575 proficiscendum
1340 2499 1391 2553 est

165 2591 209 2657 ab
232 2591 423 2676 archetype,
451 2615 491 2656 ex
515 2614 579 2675 quo
601 2613 711 2656 omnes
734 2589 861 2655 codices
883 2589 1025 2656 Plautini
1048 2591 1199 2676 pendent.
1229 2590 1263 2657 in
1293 2613 1389 2675 quem

165 2695 244 2781 quin
279 2716 320 2757 ex
344 2693 408 2759 alio
441 2692 582 2776 quodam
616 2692 796 2777 exemplari
823 2692 957 2757 histrico
991 2693 1074 2778 (sive
1105 2693 1200 2779 plura
1223 2694 1390 2781 malueris)

165 2817 232 2859 non
255 2816 359 2879 pauca
390 2794 544 2858 translata
561 2793 625 2857 sint
654 2816 747 2858 nemo
764 2794 898 2860 dubitat.
907 2799 934 2883 1)
968 2819 1011 2880 ex
1036 2797 1127 2861 cuius
1144 2797 1191 2861 rei
1213 2797 1390 2862 manifestis

166 2919 251 2980 quae
268 2908 397 2981 praesto
414 2910 488 2960 sunt
506 2898 705 2980 argumentis
721 2919 935 2964 commemoro
949 2899 1087 2963 Poenuli
1102 2899 1239 2964 alterum
1255 2899 1388 2978 exitum,

165 2999 221 3082 qui
239 3020 303 3062 non
321 2997 415 3062 aliter
430 3008 527 3081 atque
543 2998 688 3063 Andriae
704 2996 859 3078 Terentii,
875 3021 949 3065 oum
963 3001 1075 3067 fabula
1091 3003 1209 3067 iterum
1226 3011 1387 3088 ageretur,

165 3102 208 3168 ab
245 3101 455 3167 histrionibus
488 3101 522 3164 in
555 3101 662 3164 locum
698 3124 770 3165 vere
797 3103 941 3168 Plautini
975 3103 1140 3172 subiectus
1168 3117 1226 3170 est.
1276 3104 1389 3170 eadem

167 3205 339 3270 intercedit
362 3203 509 3269 condicio
536 3204 620 3268 inter
649 3205 778 3270 Poenuli
803 3227 915 3272 versus
938 3207 1118 3273 tin-280
1140 3219 1172 3271 et
1195 3207 1388 3285 ess-296,

167 3332 306 3397 quorum
340 3331 412 3373 cunr
449 3308 480 3370 hi
514 3307 740 3373 nonnullorum
774 3331 927 3375 versuum
960 3310 1065 3394 spatio
1096 3308 1137 3373 ab
1163 3310 1228 3375 illis
1258 3310 1388 3389 distent,

166 3413 377 3477 manifestum
399 3422 448 3475 est
475 3411 610 3476 alteram
635 3432 784 3477 versuum
809 3412 923 3477 seriem
940 3435 980 3476 ex
1004 3412 1069 3477 alio
1083 3413 1171 3477 fonte
1186 3412 1388 3500 desumptam

165 3514 307 3603 primum
331 3513 469 3600 margini
492 3514 689 3598 adscriptam
712 3535 781 3577 esse
810 3525 841 3578 et
863 3524 975 3602 postea
997 3515 1128 3580 demum
1157 3516 1240 3581 falso
1261 3514 1332 3581 loco
1354 3516 1389 3581 in

166 3617 416 3684 continuitatem
455 3639 605 3682 versuum
639 3617 828 3702 inrepsisse3
865 3628 1033 3705 praeterea
1067 3619 1106 3685 cf.
1140 3620 1322 3687 917—922
1356 3630 1389 3685 et

164 3720 364 3797 ete-929,
400 3742 480 3804 quos
503 3721 646 3805 integros
681 3743 832 3786 versuum
854 3721 984 3786 ordines
1018 3744 1092 3786 cum
1120 3723 1153 3785 in
1183 3744 1256 3786 suos
1290 3721 1388 3789 libros

165 3824 357 3889 transferret
378 3823 433 3906 qui
456 3823 674 3887 recensionem
694 3824 874 3909 prinoipem
895 3824 1043 3901 confecit,
1067 3837 1122 3888 aut
1144 3845 1207 3888 non
1230 3824 1388 3891 intellexit

164 3927 238 3992 illos
261 3949 382 4001 versus,
407 3926 462 4009 qui
486 3948 527 3989 ex
549 3925 728 4013 exemplari
743 3924 874 3990 histrico
898 3924 1106 4003 accedebant,
1130 3947 1199 3990 esse
1215 3924 1387 4010 parallelos

164 4030 216 4107 iis,
240 4051 322 4115 quos
345 4029 379 4091 in
402 4049 459 4092 suo
483 4027 662 4115 exemplari
684 4026 883 4108 inveniebat,
914 4028 1066 4113 quocirca
1089 4028 1128 4093 iis
1151 4028 1269 4095 librum
1293 4050 1387 4094 suum

166 4132 292 4209 ditavit,
316 4141 372 4198 aut
395 4130 422 4194 si
443 4129 619 4209 intellexit,
649 4146 712 4193 non
741 4151 839 4195 ausus
869 4141 917 4195 est
945 4130 1121 4197 diiudicare
1149 4131 1211 4196 utri
1235 4152 1345 4197 versus
1368 4152 1388 4194 a

254 4388 275 4457 ¹)
294 4388 337 4442 Of.
364 4388 478 4457 egregia
505 4385 616 4442 Goetzii
642 4388 842 4441 commentatio
868 4387 984 4456 Dittopr.
1013 4389 1049 4441 im
1071 4387 1236 4441 Plectratcat
1258 4386 1387 4455 inprimis

165 4491 195 4543 p.
208 4473 259 4528 269
271 4489 330 4541 sqq.
343 4474 393 4528 277
406 4489 474 4541 sqq,
491 4470 540 4526 ubi
552 4469 636 4524 simrss
648 4486 753 4535 sorum,
772 4472 819 4539 qui
831 4477 972 4530 antaeum
983 4472 1035 4528 bac
1048 4473 1077 4525 iu
1089 4472 1253 4545 quaestione
1265 4471 1388 4530 elabora·

167 4562 243 4627 runt,
262 4559 432 4613 mentionem
449 4558 552 4614 facum
569 4555 703 4613 iuvenies.
