3120 5138
845 311 887 378 96

765 406 968 415 ——n———n-

253 516 282 582 P
305 517 336 581 in
361 517 464 603 primo
495 538 590 581 versu
617 517 752 604 exiguas
775 519 936 603 genuinae
959 521 1138 605 scripturae
1161 544 1297 588 mamae
1319 524 1477 612 reliquias

253 630 422 686 servarunt
449 620 482 683 in
509 643 679 696 meamaoe,
707 621 794 704 quod
822 621 955 687 B1OD
983 622 1152 708 praebent.
1185 624 1242 688 sed
1268 625 1368 690 iidem
1405 651 1480 693 cum

254 746 379 800 omnes,
413 724 439 786 si
468 721 652 786 asecunda
680 745 777 787 manu
809 725 929 788 codicis
952 726 1069 789 veteris
1093 726 1284 805 recedimus,
1307 731 1405 793 invite
1426 733 1476 795 lto

253 829 334 912 spito
356 826 484 889 tradant
501 825 579 889 etin
595 825 689 888 tertio
712 845 809 889 versu
831 824 950 912 ubique
979 828 1196 892 nominativos
1218 831 1406 910 ostendant,
1436 834 1479 898 de

255 927 388 994 consilio
411 927 595 1013 corrigendi
617 949 681 991 non
704 929 765 991 erit
787 926 1009 992 dubitandum.

336 1051 447 1115 Pseud.
472 1047 533 1112 739
556 1045 695 1129 ,Ecquid
712 1055 820 1111 autem
838 1047 933 1111 homo
951 1048 1050 1113 habet
1072 1053 1155 1115 aceti
1178 1052 1210 1115 in
1234 1056 1389 1137 pectore?
1404 1057 1417 1142 ΙΙ
1434 1067 1479 1121 at-

251 1175 314 1237 que
339 1151 600 1216 acidissumum‘
621 1149 670 1233 A3
696 1161 785 1234 atquc
808 1151 982 1214 aridarumi
1005 1151 1067 1238 ΡΙ)

336 1272 428 1337 Stich.
456 1270 498 1334 89
531 1271 624 1346 ,ferre
659 1268 831 1331 advorsum
866 1268 986 1333 homini
1017 1286 1211 1356 occupemus
1240 1273 1399 1338 osculum‘
1430 1278 1478 1353 A3

248 1377 397 1439 homiaem
418 1373 457 1450 P,
481 1370 724 1436 accomodatum
748 1371 899 1435 nimirum
921 1374 1151 1457 praepositioni
1175 1377 1342 1442 advorsum.

333 1495 444 1558 Pseud.
469 1492 550 1557 1007
574 1513 683 1576 ,perge
698 1512 796 1575 opera
813 1491 999 1576 experirier‘
1014 1488 1057 1570 A,
1073 1515 1197 1579 operam
1213 1494 1251 1578 P,
1268 1495 1310 1559 ad
1333 1495 1473 1562 verbum

248 1596 366 1662 obiecti
388 1597 459 1661 vice
482 1595 627 1658 relatum.

332 1716 428 1802 Epiri.
454 1715 515 1780 162
543 1712 630 1791 ,Non
658 1714 744 1776 enim
772 1735 857 1777 nunc
881 1713 1075 1778 dormitandi
1098 1739 1202 1800 neque
1225 1718 1398 1783 cunctandi
1422 1742 1475 1784 co-

246 1819 341 1904 piast‘
358 1819 402 1894 A,
418 1819 645 1881 dormitandum
660 1817 718 1901 (sc.
736 1817 790 1903 ert)
809 1815 844 1881 P.
862 1819 901 1882 cf.
919 1817 1011 1881 Sciet.
1030 1816 1093 1908 280
1117 1817 1223 1894 ,Nunc
1247 1819 1305 1883 tibi
1327 1831 1474 1908 potestas

246 1919 448 2006 adipiscendi
471 1928 519 1983 est
542 1918 688 2002 gloriam‘
710 1917 753 2002 P;
778 1920 976 2004 admiscenda
997 1920 1040 1985 A.

337 2040 422 2106 Troe.
445 2037 508 2102 300
530 2036 645 2115 ,Nemo
670 2036 774 2100 homo‘
790 2038 839 2115 A;
872 2061 957 2101 nemo
979 2039 1126 2102 homiuem
1149 2040 1184 2122 (i.
1207 2062 1233 2108 e.
1251 2041 1421 2126 hominum)
1446 2043 1473 2106 P

245 2143 421 2208 secundum
444 2142 613 2228 vulgarem
637 2139 819 2208 dictionem.
863 2141 903 2205 de
931 2163 995 2224 quo
1017 2141 1088 2205 loco
1117 2143 1150 2205 in
1173 2143 1367 2207 contrariam
1398 2166 1472 2229 par-

245 2257 310 2311 tem
337 2245 493 2310 iudicavit
520 2243 719 2308 Ribbeckius
748 2245 828 2308 Moe.
852 2245 913 2308 Ra.
935 2243 1120 2312 XXXVII
1140 2267 1172 2329 p.
1191 2245 1265 2309 417.
1289 2246 1409 2312 etenim
1436 2249 1473 2313 in

243 2373 329 2415 nemo
355 2351 504 2434 homiuem
531 2369 706 2433 agnoscere
735 2346 796 2410 sibi
819 2345 946 2410 videtur
968 2347 1158 2431 scripturam
1182 2369 1256 2412 vere
1281 2348 1473 2416 Plautinum

244 2455 429 2528 ermemiro,
452 2474 536 2536 quae
552 2451 688 2514 similem
707 2447 970 2533 depravationem
992 2470 1146 2533 perpessa
1169 2450 1209 2514 sit
1232 2460 1329 2538 atque
1352 2474 1383 2514 v.
1408 2452 1472 2522 172

244 2567 306 2619 tam
330 2557 408 2619 enim
435 2553 542 2640 (codd.
567 2577 586 2616 a
608 2552 755 2636 momini).
784 2552 817 2613 in
839 2551 873 2614 A
888 2550 930 2613 ad
954 2549 1116 2614 scribendi
1131 2574 1271 2616 errorem
1293 2553 1472 2639 accessisse

243 2657 436 2722 emendandi
460 2655 645 2732 consilium,
676 2676 739 2737 quo
769 2675 853 2716 nemo
881 2653 967 2716 tomo
994 2662 1106 2717 natum
1129 2655 1179 2718 sit.
1209 2655 1329 2738 quain
1357 2678 1392 2720 re
1416 2681 1476 2745 me·

243 2761 374 2846 quidem
397 2758 629 2824 adsentientem
658 2778 721 2820 non
751 2755 862 2832 habet3
895 2778 971 2819 nam
993 2777 1079 2819 nemo
1100 2756 1185 2820 tomo
1208 2757 1294 2844 apud
1311 2757 1470 2825 Plautum

241 2866 345 2929 rarius
369 2875 418 2929 est
439 2861 579 2949 (duobus
601 2861 680 2925 locis
704 2882 755 2924 me
777 2860 885 2945 legere
905 2858 1036 2923 memini
1066 2858 1133 2926 Vid.
1157 2858 1196 2923 ΙΙ
1215 2859 1245 2937 8,
1268 2861 1352 2924 Pers.
1376 2860 1470 2949 211),

240 2990 338 3052 quam
361 2966 448 3054 quod
470 2964 642 3032 coniecerit
664 2962 903 3048 grammaticus.

324 3088 417 3151 Poea.
450 3085 532 3152 1304
565 3081 664 3161 ‚adire
700 3090 851 3146 certumst
885 3079 971 3144 hano
1005 3082 1193 3146 amatricem
1226 3082 1385 3148 Africam‘
1416 3087 1469 3165 A;

239 3190 317 3252 tane
338 3191 381 3251 cd
403 3189 579 3252 amatricem
600 3184 639 3262 P,
667 3183 724 3248 ubi
752 3183 921 3248 consilium
944 3183 1125 3268 corrigendi
1148 3207 1189 3248 ex
1212 3186 1465 3270 praepositionis

240 3291 450 3357 collocatione
472 3289 679 3375 perspicuum
695 3287 740 3350 fit.

327 3410 508 3488 Caena,
533 3411 572 3474 15
601 3409 662 3486 ,vir
689 3429 739 3470 me
769 3406 868 3470 habet
898 3405 1057 3491 pessumis
1087 3407 1252 3491 despicatu
1282 3407 1395 3473 modis‘
1421 3411 1468 3490 A,

240 3514 426 3599 despicatom
447 3512 486 3577 P.
509 3513 549 3578 cf.
571 3510 739 3576 Bentleius
763 3509 803 3574 ad
826 3507 901 3573 Ter.
925 3509 1007 3574 Ean.
1030 3507 1119 3586 113,
1142 3508 1191 3574 93.

322 3634 416 3697 Mero.
445 3631 509 3697 553
541 3631 585 3709 ,id
617 3631 682 3696 iam
710 3631 882 3706 lucrumst,
914 3627 1001 3714 quod
1028 3630 1122 3692 vivis‘
1151 3630 1201 3705 A;
1240 3629 1320 3693 lucro
1347 3629 1386 3707 P,
1422 3632 1466 3697 ad

237 3734 404 3819 exemplar
419 3758 470 3801 vv.
486 3737 573 3799 Asia.
591 3735 662 3799 192.
697 3735 779 3797 Meo.
795 3731 868 3815 356,
885 3742 921 3795 ut
936 3730 1075 3808 videtur,
1096 3731 1261 3816 scriptum.
1295 3733 1380 3796 Pera.
1397 3735 1467 3800 713

237 3858 361 3916 ,verum
384 3837 487 3902 fecisti
511 3837 602 3902 lucri‘
625 3836 699 3914 AB,
730 3837 845 3899 lucum
868 3832 936 3901 OD.

321 3957 435 4023 Bacch.
468 3955 528 4020 947
568 3954 811 4033 ,Mnesilochust
849 3953 1056 4029 Alexander,
1092 3952 1148 4037 qui
1182 3955 1242 4018 erit
1277 3948 1375 4018 exitio
1414 3958 1465 4021 rei

237 4147 439 4159 ——m-——n-

320 4299 343 4366 ¹)
362 4298 397 4352 ln
407 4296 492 4352 simili
501 4313 595 4352 rerum
605 4295 769 4352 condicione
779 4295 802 4350 P
812 4300 959 4364 utramque
972 4296 1142 4365 scripturam
1156 4299 1301 4349 servarunt
1319 4295 1396 4350 Tmo.
1408 4299 1464 4352 425

235 4381 307 4450 ,Non
330 4383 414 4437 audes
437 4383 556 4451 aliquid,
578 4383 618 4436 mi
635 4383 741 4447 anime,
766 4380 833 4435 dare
850 4381 1027 4448 munusculi‘;
1052 4383 1092 4434 sic
1110 4379 1232 4433 Brixius.
1267 4381 1462 4436 muntceiuilim

234 4467 267 4532 B,
284 4484 376 4520 mansas
393 4468 509 4520 ciuilium
527 4466 585 4532 OD,
608 4467 637 4519 in
655 4467 755 4534 quibus
773 4466 920 4534 scripturis
938 4469 996 4518 tam
1014 4464 1191 4518 munusculum
1209 4481 1290 4533 quam
1311 4468 1460 4520 munusculi

234 4552 311 4605 latet.
