3120 5138
649 346 708 412 131

578 437 780 449 -.--.-

108 545 206 630 upra.
228 545 412 614 aro-rao

151 647 276 711 Eamne
299 649 401 713 sinam
425 673 486 734 ego
497 654 524 738 ¹)
546 654 690 739 inpune?
712 657 809 720 immo
832 658 929 720 etiarn
952 658 979 721 si
1002 658 1138 723 alterum

152 749 292 814 Tantum
317 753 562 836 perdundumst,
584 757 718 841 perdam
739 758 845 842 potius
868 781 966 842 quam
989 762 1093 825 sinam

149 851 203 916 Me
225 853 346 938 inpune
368 855 497 920 irrisum
521 880 590 922 esse
613 860 770 937 habitum,
794 860 1068 948 depeculatumfl)

62 955 120 1037 qui
146 979 256 1019 versus
279 979 320 1020 ex
343 960 520 1046 exemplari
544 961 690 1039 histrico,
714 975 749 1026 ut
772 964 900 1049 opinor,
928 966 1073 1029 arcessiti
1095 977 1127 1029 et
1149 967 1288 1052 margini

62 1056 142 1120 olim
169 1059 325 1145 adscripti
354 1084 416 1124 non
445 1062 549 1126 solum
571 1064 737 1148 graviores
761 1065 871 1130 turbas
895 1075 1079 1145 traxerunt,
1109 1068 1285 1134 sedetiam

60 1159 147 1223 falso
165 1160 235 1224 loco
251 1162 283 1224 in
301 1185 451 1226 versuum
472 1166 616 1229 ordinem
632 1167 834 1251 invaserunt3
859 1190 993 1254 quorum
1009 1182 1121 1234 auctor
1144 1193 1198 1235 eos
1223 1194 1286 1236 non

60 1262 191 1326 addidit
213 1263 358 1329 versibus
383 1266 454 1331 517.
479 1268 542 1331 520

150 1364 237 1449 Quid
259 1370 367 1435 nunc?
391 1369 446 1455 qui
470 1372 501 1433 in
525 1372 623 1435 tantis
644 1372 769 1458 positus
792 1396 863 1436 sum
885 1375 1060 1452 sententiis,

149 1469 189 1532 Eli
212 1470 278 1533 seio
300 1470 376 1535 data
399 1495 468 1538 esse
491 1473 592 1538 verba
614 1475 775 1559 praesenti
799 1476 924 1559 palaml

60 1571 123 1635 sed
145 1570 296 1636 substitui
318 1575 426 1659 potius
449 1597 560 1640 eorum
582 1576 653 1641 loco
676 1576 787 1641 voluit.

107 1675 221 1738 Bacch.
245 1675 308 1740 512
331 1698 402 1760 sqq.
431 1679 527 1742 trium
551 1701 701 1743 versuum
726 1680 847 1767 duplex
869 1680 901 1744 in
928 1680 957 1744 P
985 1681 1138 1745 memoria
1165 1681 1286 1746 tradita

59 1789 128 1854 est3
152 1777 263 1855 altera,
286 1778 320 1841 in
336 1782 366 1842 A
382 1803 509 1866 quoque
532 1790 671 1858 servata,

150 1880 272 1945 Verum
295 1903 392 1965 quam
416 1883 472 1946 illa
494 1906 648 1967 umquam
672 1885 711 1948 de
734 1905 806 1949 mea
829 1885 969 1970 pecunia

147 1982 310 2047 Ramenta
331 1984 387 2048 fiat
409 1985 541 2071 plumea
563 1987 753 2072 propensior
761 1988 789 2072 8)

148 2085 332 2150 Mendicum
355 2087 466 2150 malim
488 2090 701 2154 mendicando
725 2091 865 2168 vincere,

56 2189 172 2266 altera,
195 2201 268 2275 post
291 2214 321 2253 v.
344 2189 408 2254 519
430 2191 463 2254 in
485 2192 514 2255 P
535 2205 659 2257 tantum
683 2205 807 2270 extans,

146 2291 211 2357 Sed
235 2305 352 2370 autem,
375 2315 475 2376 quam
498 2295 554 2358 illa
576 2317 731 2378 umquam
754 2297 833 2359 meis
856 2295 1029 2380 opulentiis

151 2394 312 2460 Ramenta
334 2396 391 2460 fiat
412 2398 543 2482 gravior
566 2412 621 2461 aut
644 2399 834 2484 propensior

148 2498 234 2563 Mori
256 2521 307 2562 me
330 2500 675 2564 malim-excruciatum
699 2501 817 2586 inopia.

56 2623 141 2683 quas
164 2613 293 2684 praeter
315 2602 365 2665 ius
387 2602 586 2666 Ritschelius
608 2602 798 2666 Hermanno
822 2601 905 2666 duce
928 2602 1088 2680 confudit,
1113 2623 1186 2666 cum
1210 2623 1283 2665 eum

55 2713 201 2780 tantum,
223 2726 320 2786 quem
343 2706 449 2789 priore
478 2705 548 2769 loco
570 2705 673 2789 posui,
697 2705 843 2769 ordinem
867 2726 1016 2768 versuum
1040 2704 1177 2790 exprimi
1200 2704 1283 2768 ratio

56 2806 172 2869 critica
196 2806 330 2874 iuberet.
359 2807 438 2871 alter
457 2832 534 2873 vero
558 2808 677 2892 dignus
701 2818 748 2871 est
778 2807 818 2871 de
842 2829 906 2891 quo
930 2807 1112 2871 accuratius
1135 2829 1280 2890 agamus.

56 2909 91 2972 in
111 2931 175 2992 quo
192 2909 413 2974 memorabiles
431 2921 506 2974 sunt
531 2911 721 2974 coniunctae
744 2910 882 2974 voculae
904 2911 957 2973 aed
972 2920 1072 2972 autem
1094 2919 1125 2972 et
1147 2907 1282 2993 pluralis

57 3035 213 3076 numerus
236 3015 412 3098 opulentiae,
437 3015 524 3097 quod
547 3026 720 3100 utrumque
743 3013 933 3078 Plautinum
962 3023 1024 3095 est,
1058 3011 1175 3075 deinde
1208 3033 1282 3075 cum

56 3117 201 3200 ,gravior
216 3115 270 3178 fiat
291 3127 347 3179 aut
369 3117 567 3202 propensior‘
581 3117 814 3202 excogitaverit
837 3139 988 3181 versuum
1011 3132 1131 3191 auctor,
1156 3114 1281 3178 mireris

56 3240 133 3282 eum
151 3219 184 3280 in
202 3219 290 3282 vocis
305 3222 405 3304 moute
422 3241 516 3282 usum
529 3242 659 3302 prorsus
677 3221 875 3306 singularem
891 3217 1054 3294 incidisse,
1072 3218 1163 3282 cuius
1180 3240 1282 3282 unum

55 3332 184 3384 tantum
211 3321 298 3404 quod
322 3321 421 3386 sciam
451 3323 635 3405 exemplum
665 3322 753 3407 apud
776 3322 930 3386 Plautum
953 3332 1041 3384 extat
1069 3322 1153 3384 Troo.
1179 3320 1237 3385 96:

144 3421 196 3485 Ne
219 3422 274 3505 qui
298 3423 454 3486 adventor
476 3423 607 3508 gravior
630 3423 759 3487 abaetat
781 3444 880 3505 quam
903 3422 1064 3486 adveniat.

55 3526 89 3588 in
120 3525 214 3588 tertio
243 3525 382 3608 denique
412 3548 506 3588 versu
535 3525 658 3587 hiatum
685 3525 719 3587 in
748 3547 884 3588 caesura
911 3525 1029 3588 senarii
1052 3523 1283 3606 semiquinaria

53 3627 229 3692 abeodem
245 3630 379 3692 vitatam
401 3650 464 3691 non
488 3649 557 3691 esse
575 3627 714 3709 vident)
738 3650 835 3711 quem
859 3650 1065 3692 numerorum
1087 3645 1149 3692 non
1174 3648 1277 3709 aeque

54 3753 95 3795 ac
123 3730 254 3814 linguae
285 3734 428 3795 comicae
457 3730 594 3816 peritum
621 3731 720 3794 luisse
746 3731 843 3794 etiam
872 3754 982 3796 versus
1010 3731 1105 3815 primi
1138 3719 1281 3794 metrum

145 4004 166 4071 ¹)
183 4020 243 4073 ,ego
262 4003 359 4058 sinam‘
378 4002 458 4058 codd.

143 4107 166 4171 ²)
186 4103 242 4174 Qui
260 4123 355 4160 versus
374 4104 513 4174 quomodo
532 4105 670 4159 sanandus
689 4104 726 4159 sit
744 4104 963 4159 incertissimum
981 4109 1032 4159 est.

141 4207 165 4274 ⁸)
183 4206 224 4260 Of.
243 4208 312 4261 Rud.
327 4208 405 4262 1016:
424 4206 591 4274 ,Numquam
602 4207 696 4260 hercle
708 4207 773 4260 hinc
785 4207 869 4260 hodie
882 4209 1010 4260 ramenta
1026 4206 1075 4260 fies
1093 4207 1279 4262 fortunatior.¹

141 4310 164 4377 ⁴)
181 4307 262 4363 Idem
279 4309 365 4363 habea
389 4309 419 4363 in
437 4327 460 4362 v.
480 4308 516 4361 ad
534 4309 615 4361 suot.
633 4310 683 4362 207
701 4309 811 4363 adiecto
834 4308 907 4377 ,Ipse
926 4310 1037 4376 egomet
1054 4324 1136 4374 quam
1155 4308 1190 4361 ob
1209 4326 1280 4361 rem·

53 4387 217 4448 auctionem
241 4394 418 4463 praedicam‘,
441 4394 490 4446 ubi
509 4394 628 4446 alterum
645 4411 757 4447 versum
780 4394 948 4447 sententiam
966 4392 1099 4445 videlicet
1116 4391 1280 4460 primariam

53 4475 248 4531 continentem
266 4493 332 4530 casu
349 4477 466 4546 periisse
484 4476 617 4544 suspicor.
645 4478 719 4545 quod
737 4479 760 4530 si
779 4496 875 4531 verum
894 4481 944 4541 est,
962 4476 1009 4529 hic
1027 4492 1136 4543 quoque
1154 4476 1278 4531 eiusdem

54 4561 214 4617 sententiae
232 4562 373 4633 duplicem
392 4562 510 4616 formam
529 4579 564 4615 ex
581 4563 750 4630 antiquitate
766 4563 916 4632 repetitam
935 4562 1077 4614 habemus.

1075 4665 1110 4720 9,
