3120 5138
181 487 264 550 Trio.
289 485 372 551 1054

134 587 177 652 P:
200 587 274 653 Hoc
312 587 367 676 qui
404 587 437 651 in
470 600 609 652 mentem
638 588 762 652 venerit
797 587 864 656 mi?
899 610 938 653 re
971 589 1059 674 ipsa
1087 589 1198 653 modo
1232 610 1315 654 com-

895 691 1071 755 monitus
1094 714 1177 756 sum

134 792 185 857 A:
207 791 282 858 Hoc
319 792 376 876 qui
409 792 443 857 in
476 803 618 859 mentem
651 793 775 858 venerit
800 793 868 858 mi?
900 793 1012 859 modo
1045 816 1085 857 re
1112 792 1201 880 ipsa
1234 817 1316 861 com-

897 908 1024 963 motus
1046 920 1127 961 sum.

92 997 288 1062 correctorie
311 1009 490 1083 operatam
513 997 683 1063 manifeste
699 1009 757 1078 est,
780 1007 816 1064 ut
830 998 937 1065 verbis
960 1000 1169 1087 supersedere
1185 1001 1316 1086 possim.

184 1099 266 1164 Trio.
292 1099 372 1164 1071

137 1201 184 1267 A:
207 1201 299 1268 Satin
316 1202 443 1267 oculis
464 1224 537 1288 ego
557 1202 653 1287 plane
673 1203 891 1268 videolestne
908 1202 973 1268 hic
992 1226 1034 1268 an
1051 1226 1115 1269 nou
1134 1207 1204 1272 est?
1219 1205 1246 1269 ie
1269 1217 1316 1272 est

136 1303 181 1369 P:
204 1304 296 1371 Satin
312 1327 384 1391 ego
400 1305 525 1371 oculis
543 1305 638 1392 plane
653 1305 771 1373 video?
788 1316 877 1371 estne
890 1305 999 1390 ipsus
1012 1330 1053 1371 an
1069 1329 1133 1372 non
1149 1307 1219 1373 est?
1230 1308 1257 1371 is
1269 1318 1317 1373 est

91 1407 142 1470 bic
168 1407 244 1471 ferri
273 1429 334 1472 non
363 1429 458 1493 posse
493 1406 575 1471 vidit
605 1407 834 1473 Fleckeisenus
864 1409 949 1495 (ann.
973 1409 1051 1496 psit.
1074 1409 1197 1475 XOIII
1220 1434 1251 1496 p.
1274 1412 1316 1478 61

92 1510 199 1596 adn.);
226 1509 445 1576 recensionem
472 1510 583 1575 statuit
612 1510 733 1576 ibidem
759 1512 1017 1596 Studemnndus3
1046 1525 1206 1578 corrector
1232 1513 1317 1580 enim

94 1613 238 1678 novandi
267 1613 374 1679 studio
401 1637 460 1701 pro
488 1614 593 1678 forma
621 1615 753 1699 antiqua
774 1618 856 1703 spent
885 1616 993 1703 posuit
1015 1617 1075 1694 bic,
1109 1616 1233 1681 hiatum
1262 1617 1317 1703 qui

95 1716 173 1780 inde
196 1715 360 1782 oriebatur
382 1740 447 1781 non
469 1738 598 1781 curans.
1168 1800 1171 1804 ⁴

181 1821 251 1884 Mil.
271 1821 348 1907 plor.
371 1820 435 1885 686
479 1841 591 1884 verum
613 1841 715 1906 egone
738 1841 809 1885 eam
832 1821 949 1886 ducam
972 1821 1112 1903 domum,

181 1922 275 2008 Quae
303 1923 380 1987 mihi
409 1944 586 2008 numquam
613 1921 676 1986 hoc
702 1922 802 1987 dicat:
832 1946 917 2002 eme,
949 1924 994 1988 mi
1009 1927 1069 2002 vlt,
1096 1924 1205 1988 lanam
1233 1922 1317 1989 uude

709 2025 875 2112 pallium.
921 2075 929 2090 .
974 2075 982 2091 .
1027 2075 1035 2091 .

186 2126 407 2194 conficiatur?

95 2231 142 2294 sic
176 2230 210 2294 A
245 2251 382 2314 eumque
405 2241 534 2295 secutus
568 2228 780 2308 Ribbeckius,
823 2228 852 2292 P
881 2231 961 2294 unde
992 2231 1055 2296 tibi.
1095 2228 1317 2295 Palatinornm

94 2354 209 2397 versus
233 2353 306 2397 cum
322 2333 406 2397 iusto
428 2332 554 2419 longior
569 2333 621 2411 sit,
645 2332 969 2420 circumspiciendum
985 2344 1043 2410 θεῖ,
1066 2332 1144 2416 quid
1168 2355 1208 2398 ex
1224 2333 1317 2397 inter-

96 2434 259 2523 polatione
289 2444 400 2500 natum
430 2435 589 2501 videatur.
632 2434 830 2501 Ritschelius
859 2456 970 2499 vocem
999 2437 1045 2498 mi
1065 2435 1185 2501 delevit
1207 2445 1319 2500 contra

97 2538 392 2603 constantissimum
403 2561 497 2603 usum
509 2536 707 2615 Plautinum,
720 2559 761 2602 ex
773 2560 847 2620 quo,
860 2536 1056 2622 ubicumque
1072 2559 1155 2602 uxor
1169 2537 1320 2603 maritum

96 2640 281 2727 alloquitur,
304 2643 350 2704 mi
369 2644 415 2705 vir
437 2641 626 2724 requiritur3
650 2643 693 2706 cf.
715 2641 828 2727 Amph.
851 2639 924 2704 502.
948 2639 1020 2704 710.
1043 2640 1116 2704 716.
1138 2639 1212 2704 812.
1252 2639 1318 2705 Cos.

96 2742 156 2809 HI
177 2743 207 2821 3,
223 2743 274 2808 23.
290 2743 342 2811 25.
365 2743 441 2825 74,
466 2744 496 2807 5.
540 2753 652 2807 contra
675 2743 759 2806 Rud.
778 2741 848 2819 105,
871 2742 926 2806 ubi
950 2741 999 2805 vir
1015 2741 1120 2804 virum
1136 2739 1319 2829 alloquitur,

97 2867 273 2933 pronomen
290 2846 461 2923 omittitur3
477 2868 542 2930 qua
564 2856 696 2931 propter
719 2843 816 2908 etiam
858 2843 927 2910 Mil.
943 2844 1018 2928 plor.
1041 2866 1072 2906 v.
1089 2842 1152 2908 690
1167 2842 1210 2908 ed
1225 2865 1319 2908 usum

100 2944 289 3012 Plautinum
311 2947 357 3011 sic
381 2946 660 3012 reconcinnandus
683 2959 745 3012 est:
769 2945 894 3024 ,Dicatz
933 2946 985 3024 da,
1008 2945 1052 3010 mi
1079 2948 1140 3024 vir,
1164 2946 1319 3011 calendis‘

102 3071 130 3113 θ.
153 3072 185 3134 q.
208 3072 233 3113 ε.
269 3051 326 3134 (da
358 3049 443 3124 mibi,
478 3052 532 3125 vir,
562 3051 695 3114 calendie
716 3050 810 3115 codd.
839 3060 870 3114 θῖ
898 3050 1078 3136 editiones).
1122 3048 1320 3115 Ribbeckius

96 3173 211 3216 vocem
233 3153 290 3216 tibi
309 3162 442 3238 propter
457 3153 648 3218 sententiam
670 3154 799 3219 finalem
822 3177 858 3218 ne
879 3155 981 3239 alpem
1003 3153 1060 3218 boe
1075 3154 1169 3218 tome
1184 3153 1319 3217 otiosam

97 3266 208 3321 censet
241 3255 335 3341 (Mne.
358 3255 420 3320 Rt.
443 3254 609 3323 XXXVI
631 3280 662 3344 p.
687 3256 773 3343 117),
808 3279 873 3343 qua
905 3256 940 3319 in
966 3278 1001 3320 re
1030 3277 1080 3320 me
1107 3256 1238 3340 quidem
1266 3255 1320 3320 nd·

97 3357 288 3422 sentientem
325 3380 390 3421 non
419 3356 527 3423 habet.
573 3358 653 3425 haec
676 3359 761 3424 enim
785 3359 899 3424 vocula
927 3358 1048 3424 idcirco
1070 3359 1239 3425 retinenda
1261 3368 1319 3438 est,

97 3458 195 3546 quod,
224 3460 251 3524 si
273 3459 447 3537 omittitur,
471 3461 504 3524 in
526 3462 680 3547 pendenti
704 3463 834 3527 demum
856 3461 1029 3537 sententia,
1053 3462 1144 3527 cuius
1167 3463 1200 3527 in
1222 3484 1318 3529 usum

98 3561 162 3626 hae
184 3574 290 3627 vestes
313 3561 533 3640 conficiantur,
555 3564 768 3650 intellegitur;
791 3571 958 3649 praeterea
974 3585 1049 3628 cum
1064 3585 1158 3641 uxor,
1182 3562 1321 3651 quaein

98 3663 162 3728 viri
178 3665 404 3730 commoditate
420 3676 568 3751 sumptus
590 3667 677 3750 facit,
702 3668 731 3732 ei
747 3676 940 3754 opponatur,
962 3688 1046 3750 quae
1066 3665 1179 3731 alienis
1195 3676 1320 3731 tantum

99 3767 267 3855 prospicit,
290 3767 376 3832 hanc
398 3768 633 3856 oppositionem
648 3768 747 3835 verbo
770 3771 826 3834 tibi
846 3769 911 3834 iam
935 3770 975 3834 ab
998 3767 1089 3833 initio
1104 3768 1240 3833 indicari
1261 3791 1322 3854 par

97 3881 156 3937 est.
201 3871 311 3955 itaque
337 3893 514 3955 pronomen
537 3873 614 3936 milri
626 3873 732 3958 potius
748 3872 929 3938 eiciendum
952 3871 1090 3937 videtur.
1114 3871 1321 3956 quodquam

98 3995 378 4060 supervacaneum
406 3974 463 4050 sit,
494 3996 606 4038 verens
633 3973 697 4038 690
724 3974 930 4042 demonstrat.
974 3975 1059 4039 hanc
1087 3973 1188 4059 igitur
1209 3996 1322 4039 versus

96 4080 236 4143 formam
258 4076 538 4141 commendamus:

184 4179 275 4264 Quae
304 4202 471 4265 nunquam
498 4178 560 4244 hoc
588 4180 690 4245 dicati
728 4202 797 4244 eme
825 4179 869 4244 mi
902 4180 953 4244 vir
980 4180 1105 4258 lanam,
1140 4178 1212 4245 tibi
1236 4173 1321 4243 imde

864 4282 998 4368 pallium
1022 4335 1030 4351 .
1053 4329 1093 4346 ..

185 4386 382 4452 Confioiatnr

97 4489 155 4580 (cf.
189 4489 338 4555 Muelleri
370 4491 456 4556 Pron.
491 4491 594 4554 Plant.
632 4511 663 4575 p.
699 4490 785 4577 372).
833 4489 1089 4557 Ambrosianum
1122 4497 1233 4554 autem
1265 4486 1322 4572 qni
