3120 5138
642 331 703 396 129

55 554 124 618 qua
143 555 194 598 me
210 535 339 621 quidem
356 535 504 600 dubitare
522 559 584 600 non
601 537 703 615 decet,
720 539 774 601 vix
791 539 964 626 quicquam
989 528 1172 625 abrogetur.
1198 563 1281 628 quae

56 659 138 702 vero
166 651 332 723 praeterea
360 638 508 703 lectionis
537 642 689 724 orpiomm
719 639 900 702 reiciendas
924 652 1114 726 argumenta
1137 643 1280 727 protulit,

56 743 106 805 eis
135 742 180 804 ita
209 751 295 817 utor,
324 753 360 805 ut
387 740 537 806 Loewius
566 743 613 808 uti
641 743 767 820 debuit,
796 743 947 806 nimirum
978 754 1014 808 ut
1037 765 1164 808 versum
1187 744 1284 808 inter·

59 842 208 930 polaturu
224 864 293 908 esse
309 843 385 907 inde
409 844 615 919 concludam
638 845 684 909 sic
707 858 814 909 autem
837 843 986 910 Loewius
1010 847 1167 931 disputat:
1191 847 1283 924 ‚illud

58 966 126 1009 non
154 945 233 1009 levis
264 945 417 1009 momenti
446 959 508 1027 est,
539 947 624 1033 quod
653 946 737 1011 inter
765 970 877 1012 versus
905 951 1011 1012 terteris
1037 950 1153 1013 labellis
1180 950 1282 1014 molles

59 1047 280 1111 moraiooculue
301 1060 333 1111 et
349 1048 542 1134 papillarum
564 1049 791 1112 horridulcrum
814 1052 1070 1136 oppraaiuaculae
1093 1060 1159 1115 tam
1182 1073 1281 1136 quam

60 1160 169 1235 potest
181 1149 348 1236 speciatim
361 1151 503 1235 prolatos
526 1173 588 1214 non
602 1165 812 1237 expectamus
836 1152 973 1234 generis,
998 1156 1172 1237 orgiorum‚
1195 1175 1282 1216 men·

57 1253 181 1316 tionem
207 1252 367 1320 iniectam.
417 1254 542 1318 accedit
575 1253 662 1337 quod
688 1257 775 1339 orpia
804 1253 995 1318 vocabulum
1019 1267 1093 1320 ante
1116 1254 1284 1321 Catullum·

58 1353 148 1440 apud
164 1354 337 1439 scriptores
354 1353 518 1419 Romanos
536 1377 599 1419 non
616 1367 800 1441 comparet‘.
844 1357 953 1440 itaque
976 1358 1055 1442 quid
1077 1359 1279 1423 manifestius

56 1470 108 1522 est
135 1479 233 1541 quam
262 1458 295 1521 in
319 1458 352 1524 A
376 1458 572 1543 deprehendi
602 1459 859 1523 additamentum
889 1461 974 1524 docti
1002 1460 1060 1525 sed
1088 1461 1212 1547 poetico
1235 1464 1279 1526 in·

56 1562 156 1647 genio
171 1560 260 1625 haud
276 1582 353 1624 sans
372 1561 508 1648 praediti
530 1563 758 1648 grammatici?
780 1584 876 1645 quem
899 1561 1019 1628 Catulli
1041 1564 1120 1628 satis
1143 1587 1280 1648 gnarum

53 1665 157 1729 fuisse
181 1664 278 1728 etiam
302 1665 405 1750 magis
428 1675 609 1750 appareret,
633 1665 659 1727 ei
682 1665 715 1728 in
737 1664 801 1728 fine
830 1687 941 1728 versus
968 1687 1002 1729 re
1033 1688 1111 1730 vera
1133 1667 1276 1731 extiterit

55 1767 323 1842 oseulatiuoculue,
353 1768 438 1853 quod
467 1768 509 1831 ad
540 1766 646 1830 ultimi
674 1765 823 1830 vocabuli
845 1767 998 1850 reliquias
1021 1768 1103 1834 bene
1126 1768 1281 1855 (dixerim

55 1868 209 1955 equidem
232 1868 365 1954 unice)
395 1870 555 1951 quadrare
584 1867 734 1932 Loewius
758 1868 853 1950 dixit;
888 1890 963 1932 nam
986 1870 1129 1933 osculatio
1151 1891 1281 1954 quoque

54 1972 147 2037 vocis
171 1971 294 2056 primus
318 1984 429 2036 auctor
451 1981 499 2035 est
521 1970 668 2036 Catullus
690 1971 743 2048 48,
765 1970 795 2034 5.

144 2075 233 2139 Most.
257 2075 331 2138 inde
355 2096 373 2137 a
397 2074 458 2140 971
488 2074 670 2140 Phaniscus
698 2073 934 2158 Theopropidi,
965 2096 1061 2160 quem
1091 2090 1155 2139 ιιοιι
1182 2076 1282 2154 novit,

53 2178 115 2242 filii
137 2179 225 2242 facta
248 2186 373 2241 narrat:

142 2276 206 2362 Qui
229 2289 401 2365 postquam
424 2289 516 2363 pater
538 2279 580 2342 ad
602 2288 725 2343 mercat
727 2302 780 2343 um
802 2277 898 2355 abiit,
922 2278 974 2342 hio
993 2277 1158 2343 tibicinam

143 2380 319 2445 Liberavit.

54 2505 122 2568 quo
153 2482 394 2568 obstupefactus
420 2481 665 2568 Theopropides
691 2482 889 2547 Phaniscum
918 2495 949 2547 et
976 2482 1208 2548 advorsitorem
1232 2484 1279 2550 sic

52 2585 263 2673 interpellare
285 2585 407 2671 pergit:

318 2686 566 2751 Philolachesne
589 2691 689 2774 ergo‘l
711 2686 786 2751 PH.
810 2688 865 2754 ita.
887 2687 1117 2752 Philematium
1141 2687 1281 2776 quidem.

144 2788 218 2858 ΤΗ.
241 2788 385 2874 Quanti?
421 2789 528 2857 ADV.
552 2791 684 2876 triginta
709 2790 846 2856 talentis.
875 2790 947 2855 PH.
975 2791 1022 2874 μὰ
1044 2790 1100 2857 τὸν
1123 2787 1278 2869 Ἀπόλλω,

980 2893 1038 2958 sed
1059 2894 1165 2958 minis.

56 2999 91 3063 in
114 2999 149 3064 A
171 2998 302 3063 additus
324 3009 372 3062 est
395 3018 507 3060 versus

140 3099 214 3167 ΤΗ.
237 3099 425 3164 Liberavit?
449 3097 523 3162 PH.
546 3097 697 3162 liberavit
726 3097 823 3162 illanc
851 3099 983 3185 triginta
1012 3099 1117 3176 minis,

55 3226 154 3292 quem
177 3203 404 3289 interpolatum
427 3223 496 3265 esse
518 3199 717 3265 Ritschelius
739 3200 835 3278 vidit3
859 3203 899 3265 cl.
924 3201 996 3267 974.
1018 3201 1090 3266 975.
1283 3268 1286 3276 ,

140 3306 214 3371 Ιιιιιι
240 3304 457 3370 Ambrosiano
486 3304 596 3367 relicto
631 3304 824 3367 revertimur
857 3304 898 3367 ad
926 3302 1109 3380 Palatinos,
1138 3324 1276 3390 quorum

56 3408 114 3493 qui
138 3407 171 3471 in
194 3409 223 3470 A
246 3407 470 3472 desiderantur
498 3426 609 3469 versus
632 3403 816 3491 interpolati
839 3407 881 3470 ad
903 3429 1003 3472 unum
1027 3427 1137 3470 omnes
1160 3429 1178 3469 a
1202 3405 1280 3470 viris

57 3511 162 3576 doctis
187 3509 252 3574 iam
274 3509 385 3574 reiecti
412 3520 500 3584 sunt,
523 3520 558 3571 ut
580 3509 780 3593 argumentis
803 3509 927 3573 alienae
950 3509 1084 3596 originis
1107 3508 1278 3574 afferendis

55 3614 269 3700 supersedere
282 3612 411 3700 possim.
428 3611 480 3697 egi
494 3613 557 3674 iam
573 3632 672 3707 supra
684 3609 725 3674 de
742 3610 834 3675 Stich.
847 3612 972 3676 48-57
987 3623 1018 3676 et
1029 3613 1143 3676 Bacch.
1156 3611 1220 3675 540
1235 3611 1278 3676 ad

54 3717 130 3784 551.
150 3715 192 3780 ad
211 3715 352 3798 reliquos
372 3714 560 3799 priusquam
584 3725 745 3777 transeam
767 3713 862 3777 liceat
883 3713 998 3778 afferre
1020 3715 1106 3797 quod
1123 3714 1274 3779 Goetzius

54 3821 76 3887 l.
100 3839 127 3886 c
150 3842 182 3904 p.
199 3818 262 3883 270
284 3816 356 3882 adn.
381 3817 464 3880 de”
444 3839 482 3911 us
505 3816 665 3901 disputat:
637 3815 761 3893 t‚Bei
784 3815 842 3879 der
864 3828 953 3880 sonst
974 3817 1019 3880 im
1033 3815 1276 3881 Wesentlicheu

56 3920 406 3986 iibereinstimmenden
431 3898 682 4002 Uberlielerung
709 3939 772 3981 von
797 3921 825 3981 A
851 3917 915 3981 und
940 3919 966 3981 B
989 3918 1062 3982 sind
1084 3919 1162 3982 zwei
1184 3917 1274 4003 Mog-

55 4024 232 4090 lichheiten
261 4022 318 4086 der
346 4020 534 4104 Erkliirung
565 4017 720 4106 gegeben.
764 4019 940 4084 Entweder
967 4019 1103 4084 standen
1136 4019 1189 4082 die
1222 4041 1278 4083 un·

57 4127 134 4194 echt
121 4136 175 4192 ten
190 4125 350 4191 Partien
341 4148 373 4188 ιιι
390 4124 447 4188 der
462 4122 702 4208 gemeinsamen
719 4120 834 4206 Quelle
851 4122 915 4186 und
932 4123 1062 4186 wurden
1087 4133 1152 4186 eret
1167 4126 1277 4206 spiiter

54 4252 116 4296 aus
140 4230 197 4294 der
219 4226 401 4293 Recension
425 4225 481 4289 des
503 4225 536 4290 A
561 4224 830 4310 ausgeschieden,
862 4225 986 4290 oder
961 4248 1007 4289 sre
1030 4224 1166 4288 standen
1188 4223 1277 4287 nicht

55 4332 152 4396 darin
180 4331 246 4395 und
276 4330 408 4395 uurden
435 4338 499 4392 erst
527 4340 599 4414 spa
600 4350 635 4392 er
665 4350 741 4391 aus
753 4327 1000 4413 anderweitiger
1029 4326 1280 4410 Uberliet'erung

54 4434 92 4500 in
119 4433 149 4499 B
178 4433 354 4521 beigetiigt.
400 4430 537 4495 Welche
566 4430 736 4494 Annahme
766 4430 827 4494 den
851 4429 984 4516 Vorzug
1014 4430 1173 4505 verdient‚
1200 4426 1288 4492 litost-

55 4536 127 4604 eich
158 4538 200 4600 itu
230 4535 457 4621 Allgerueiueu
488 4533 612 4596 achwer
644 4554 761 4618 sagen;
800 4533 845 4596 im
874 4532 1006 4598 Stichus
1042 4532 1100 4595 hat
1131 4554 1197 4596 nur
1226 4528 1279 4597 die

1095 4652 1111 4713 9
