3120 5138
835 320 876 386 76

247 522 360 587 eadem
382 523 504 588 ratione
528 523 618 588 vides
641 535 803 591 auctorem
825 525 994 589 Palatinae
1017 525 1212 589 recensionis
1235 525 1472 591 correctionem

246 625 432 690 instituisse.
457 649 562 711 neque
586 627 679 691 aliter
713 628 866 693 sehabet
889 631 957 694 Mil.
979 630 1054 714 plor.
1078 627 1129 705 24,
1158 627 1214 712 qui
1238 651 1349 694 versus
1370 629 1406 692 in
1431 627 1471 704 P,

248 729 373 793 omissis
396 720 591 816 quibusdam
613 730 785 797 levioribus
809 731 1009 818 corruptelis,
1033 732 1079 795 sic
1101 731 1251 797 traditus:

331 830 405 896 Nisi
420 854 522 898 unum
537 833 699 920 epityrum
714 835 801 919 apud
816 835 909 899 illum
924 846 1011 899 estur
1027 834 1141 899 insane
1156 833 1239 900 bene

246 933 457 1000 aRitschelio
483 936 538 1023 Op.
557 937 634 1023 pail.
657 935 722 1002 HI.
746 960 777 1023 p.
800 937 862 1004 792
884 938 1072 1005 emendatus
1095 947 1156 1003 est:

263 1084 265 1090 -
331 1036 405 1104 Nisi
426 1061 528 1105 unum
549 1039 712 1126 epityrum
733 1038 781 1104 illi
804 1051 891 1105 estur
913 1040 1028 1104 insane
1051 1039 1142 1107 bene.

247 1139 462 1225 etenimquod
477 1141 603 1206 codices
626 1142 781 1228 praebent
793 1146 878 1230 apud
892 1145 989 1222 illam,
1004 1166 1063 1229 pro
1074 1143 1267 1230 glossemate
1282 1140 1471 1207 habendum

246 1264 315 1308 esse
343 1243 415 1309 voci
441 1245 489 1307 illi
509 1244 687 1332 adscripto,
715 1267 818 1331 paene
845 1256 967 1310 certum
992 1255 1049 1313 est.
1093 1247 1155 1311 hoc
1184 1269 1262 1311 sane
1285 1243 1469 1309 mirandum

248 1357 310 1424 est,
333 1346 420 1432 quod
442 1369 546 1432 neque
575 1349 606 1411 in
630 1347 664 1412 A
686 1349 728 1435 (si
751 1349 845 1414 modo
868 1349 981 1434 spatiis
1015 1349 1194 1414 litterarum
1227 1346 1471 1434 deperditarum

247 1449 407 1515 confidere
429 1450 528 1537 licet),
551 1473 656 1535 neque
679 1451 766 1536 apud
781 1450 963 1520 Varronem
987 1454 1024 1517 de
1047 1453 1065 1518 l.
1082 1453 1135 1520 lat.
1151 1451 1223 1519 VH
1238 1452 1279 1516 86
1295 1448 1470 1515 verborum

248 1554 333 1640 apud
370 1554 458 1617 illam
496 1554 548 1618 vel
567 1556 636 1618 aar·
673 1553 846 1642 vestigium
889 1565 1043 1640 superest.
1108 1555 1193 1618 Teuc.
1222 1554 1286 1618 579
1329 1562 1470 1637 utraque

248 1654 407 1741 scriptura
429 1656 527 1748 simili
549 1658 644 1722 modo
678 1665 775 1742 atque
797 1657 830 1720 in
853 1656 1010 1722 Pseuduli
1038 1679 1134 1722 versu
1162 1655 1280 1721 tradita
1307 1666 1369 1737 est3
1404 1675 1470 1740 quo

247 1780 344 1824 versu
368 1780 441 1824 cum
463 1759 492 1824 P
514 1760 739 1847 (Ambrosiani
761 1761 921 1848 scriptura
940 1770 1079 1824 aetatem
1101 1783 1165 1824 non
1182 1758 1268 1844 tulit)
1292 1755 1471 1845 praebeant

246 1860 300 1943 ,ad
323 1874 354 1926 te
375 1861 459 1926 ferre
482 1885 532 1927 me
555 1863 647 1928 iussit
669 1862 727 1927 tibi
749 1862 865 1946 Dona‘,
890 1863 930 1927 de
958 1862 1110 1928 eiciendis
1140 1861 1247 1927 verbis
1271 1864 1314 1925 ad
1340 1871 1381 1937 te,
1411 1857 1470 1944 qui

249 1964 400 2030 videlicet
422 1965 464 2030 ad
487 1967 543 2030 tibi
563 1965 835 2050 interpretationis
859 1987 958 2031 causa
980 1965 1082 2029 additi
1104 1976 1189 2044 sunt,
1212 1987 1306 2030 nemo
1329 1961 1469 2043 dubitat,

251 2067 400 2154 quamvis
429 2067 469 2132 de
499 2090 594 2133 versu
617 2068 815 2134 restituendo
844 2067 1035 2154 ambigatur.
1080 2069 1198 2145 simile,
1227 2067 1283 2132 sed
1311 2066 1399 2131 idem
1422 2063 1471 2128 di-

248 2191 379 2234 versum
402 2186 459 2248 est,
484 2170 569 2259 quod
591 2171 829 2257 perspicuitatis
853 2193 952 2236 causa
971 2172 1055 2235 Pera
1068 2172 1132 2237 576
1155 2171 1286 2258 quidam
1309 2191 1471 2257 gramma·

247 2271 330 2337 ticus
353 2273 395 2338 ad
409 2276 530 2338 adduco
551 2274 676 2339 addidit
699 2278 741 2339 ad
758 2287 874 2360 taque
890 2274 984 2339 facile
1000 2287 1135 2340 caretur.
1159 2296 1224 2339 non
1239 2273 1352 2359 magis,
1369 2293 1471 2360 quam

248 2374 309 2440 hoc
332 2399 428 2442 versu
462 2377 597 2444 verbum
620 2377 759 2455 ferendi,
788 2389 949 2443 corrector
984 2377 1116 2465 quidam
1149 2376 1284 2441 verbum
1312 2373 1472 2439 afferendi

249 2500 324 2544 cum
358 2479 468 2545 dativo
495 2502 652 2566 personae
682 2481 888 2549 coniunctum
916 2479 1065 2546 toleravit
1093 2503 1124 2543 v.
1154 2481 1239 2543 Pera
1262 2478 1342 2555 498,
1375 2475 1472 2543 cuius

249 2585 488 2672 anapaesticam
505 2606 688 2651 mensuram
710 2585 806 2650 hodie
829 2585 886 2649 vix
902 2583 1075 2671 quisquam
1092 2579 1305 2646 addubitabit.
1348 2579 1473 2664 glosse-

248 2698 334 2751 mate
358 2695 464 2752 autem
487 2701 600 2752 auctus
621 2687 655 2751 in
677 2687 706 2751 P
728 2687 775 2752 sic
796 2687 928 2774 legitur:

336 2785 423 2852 Nam
451 2809 468 2852 e
495 2788 609 2853 Persia
641 2789 684 2854 ad
714 2813 765 2856 me
788 2789 906 2854 allatae
934 2788 1030 2853 modo
1057 2798 1133 2852 sunt
1161 2786 1242 2850 istae
1273 2809 1293 2850 a
1323 2807 1394 2850 meo
1415 2785 1474 2850 do-

811 2892 907 2957 mino.
923 2891 937 2980 ΙΙ
953 2891 1104 2979 quando?
1118 2891 1132 2978 ΙΙ
1147 2889 1236 2954 haud
1258 2888 1391 2956 dudum.

247 2993 281 3059 in
302 2995 338 3060 A
359 3007 449 3062 extat

334 3097 421 3164 Nam
449 3121 491 3163 ex
523 3097 636 3164 Persia
664 3110 736 3163 sunt
765 3097 864 3161 istaec
892 3096 1020 3161 adlatae
1047 3096 1126 3161 milri
1139 3143 1292 3164 ........
1316 3093 1476 3182 quando?

858 3200 947 3265 haud
968 3199 1091 3267 dudum

250 3303 342 3371 euius
365 3313 401 3368 ut
424 3303 552 3390 integra
574 3302 734 3388 scriptura
749 3302 932 3391 indagetur,
955 3303 1177 3389 respiciendus
1199 3312 1248 3366 est
1268 3323 1381 3367 versus
1397 3300 1477 3380 461,

251 3429 347 3495 quem
370 3428 442 3472 cum
467 3405 730 3472 antecedentibus
753 3406 785 3470 in
808 3405 837 3470 P
865 3406 919 3493 (de
942 3405 976 3470 A
998 3407 1078 3470 nihil
1100 3405 1226 3490 notum)
1249 3404 1295 3469 sic
1316 3402 1475 3490 legimus:

335 3510 399 3578 459
422 3508 611 3597 Sagaristio
632 3509 722 3592 heus,
746 3508 800 3574 exi
823 3521 919 3596 atque
942 3509 1042 3575 educe
1065 3508 1224 3595 virginem

335 3613 400 3680 460
421 3613 465 3677 Et
486 3613 566 3677 istas
589 3610 732 3695 tabellas,
757 3634 838 3699 quas
861 3612 1049 3699 consignavi
1071 3612 1139 3695 tibi,

339 3717 398 3782 146
421 3715 511 3800 Quas
534 3727 569 3780 tu
592 3714 727 3779 attulisti
750 3714 827 3778 milri
851 3713 892 3779 ab
915 3737 969 3779 ero
992 3737 1064 3779 meo
1086 3737 1188 3802 usque
1212 3737 1230 3778 e
1249 3712 1367 3778 Persia.

249 3819 305 3884 ubi
329 3841 402 3883 cum
426 3819 551 3883 tabellae
573 3819 696 3883 educere
717 3817 845 3882 tolerari
868 3840 932 3882 non
956 3841 1049 3904 posse
1077 3817 1272 3882 Ritschelius
1294 3813 1478 3879 rectissime

250 3922 383 3988 sentiret
392 3922 429 4008 1),
454 3921 572 4008 ecserl)
601 3921 654 3985 vel
676 3922 768 4008 adfer
790 3919 929 3997 addidit,
953 3919 1065 3984 deletis
1088 3918 1196 3984 verbis
1219 3919 1257 3982 ab
1280 3940 1329 3981 ero
1349 3939 1416 3981 eaeo
1439 3928 1479 3983 ut

339 4111 359 4177 ¹)
378 4108 476 4178 Quode
493 4107 517 4162 si
531 4124 610 4162 secus
628 4109 690 4176 quis
707 4108 881 4173 iudicaverit,
900 4106 1027 4162 conferat
1044 4107 1130 4161 velim
1147 4106 1245 4160 Pseud.
1263 4107 1312 4160 711

405 4192 501 4249 Attuli
527 4194 610 4249 hunc.
628 4192 636 4262 ll
654 4194 740 4263 quid?
768 4191 951 4247 attulisti?
969 4192 978 4261 l}
996 4190 1126 4245 adduxi
1153 4191 1230 4245 volui
1257 4190 1363 4253 dicere,

252 4280 326 4337 unde
338 4297 418 4349 quam
432 4279 583 4348 diligenter
595 4280 744 4334 verborum
756 4279 888 4332 adducere
901 4280 930 4331 ct
941 4277 1049 4345 adferre
1061 4276 1295 4346 significationem
1310 4273 1480 4329 distinuerit

251 4370 344 4437 poeta,
367 4365 472 4435 optime
490 4365 683 4434 cognoscitur:
709 4382 766 4419 non
783 4364 873 4434 igitur
890 4361 951 4416 veri
969 4364 1012 4415 est
1029 4360 1128 4428 simile,
1156 4376 1218 4414 eum
1236 4361 1311 4414 Pera
1329 4358 1378 4413 461
1396 4357 1479 4424 idern

251 4452 353 4507 vitium
370 4451 522 4518 admisisse,
541 4450 615 4519 quod
633 4448 767 4503 Pseuduli
784 4448 846 4502 loco
866 4446 985 4504 deridet.

336 4552 359 4622 2)
376 4552 417 4607 cr.
435 4554 533 4608 sacca.
553 4552 610 4607 714.
