3120 5138
751 285 812 356 162

253 496 327 562 Iam
349 495 457 560 hercle
481 517 541 582 ego
565 494 617 559 hic
640 504 692 573 te,
716 495 809 579 quasi
832 519 886 560 sus
906 496 1039 573 catulos,
1063 495 1227 579 mulier,
1252 497 1389 583 pedibus

1087 609 1263 685 proteram.

169 700 282 784 quales
311 701 505 765 mutationes
532 700 561 764 si
589 701 661 783 quis
689 701 730 764 ad
762 701 990 786 grammaticos
1022 712 1173 766 auctores
1208 702 1393 768 referendas

170 825 239 868 esse
262 802 350 884 dicit,
374 803 437 880 ,isti
461 802 591 885 quidem
614 803 723 868 hercle
746 804 914 868 orationist
937 803 1064 888 Oedipo
1087 825 1168 891 opus
1192 804 1395 869 coniectore‘.

169 902 225 971 sed
254 927 364 970 omnes
392 905 596 970 difficultates
627 905 812 983 solvuntur,
844 909 873 970 si
901 907 954 970 hic
986 927 1113 993 quoque
1144 906 1342 994 archetypos
1365 916 1395 970 et

168 1005 378 1073 Ambrosiani
406 1019 438 1072 et
467 1007 691 1072 Palatinorum
725 1009 767 1072 ad
796 1008 963 1092 exemplar
996 1006 1154 1072 librorum
1186 1009 1395 1074 histricorum

168 1108 344 1176 recensitos
372 1131 442 1174 esse
473 1108 651 1187 credimus,
677 1109 871 1175 histrionum
902 1109 1002 1186 enim,
1034 1112 1061 1173 si
1084 1110 1150 1186 cui,
1174 1111 1333 1176 intererat
1360 1121 1395 1174 ut

169 1212 378 1298 intellegendi
399 1211 548 1276 facilitati
571 1212 616 1276 ita
631 1211 851 1290 subvenirent,
874 1224 909 1277 ut
931 1212 1031 1278 verba
1047 1223 1154 1278 mente
1176 1223 1247 1278 arte
1265 1216 1392 1279 coniun-

168 1316 276 1402 genda
299 1316 397 1380 etiam
420 1315 527 1398 quoad
549 1315 619 1380 fieri
642 1327 767 1401 poterat
794 1321 942 1401 proxime
971 1316 1186 1394 collocarent3
1220 1317 1393 1383 histriones

168 1419 311 1484 animum
338 1417 563 1496 attendebant,
591 1432 626 1485 ut
649 1417 940 1506 pronuntiationem
972 1417 1161 1502 impeditam
1189 1417 1393 1502 transpositis

168 1519 276 1585 verbis
292 1520 540 1586 commodiorem
556 1521 743 1598 redderent;
766 1520 975 1586 histrionibus
991 1531 1100 1586 autem
1124 1521 1221 1585 etiam
1242 1520 1394 1585 facillime

168 1622 314 1688 accidere
336 1623 440 1708 potuit
466 1632 504 1688 ut
534 1623 602 1687 sine
625 1623 692 1689 ulla
716 1645 822 1700 causa,
846 1624 902 1687 sed
920 1623 1074 1704 memoria
1099 1632 1225 1688 tantum
1249 1622 1393 1688 destituti

169 1724 412 1791 collocationem
428 1724 601 1790 verborum
617 1733 789 1802 mutarent,
813 1725 921 1790 verbis
938 1725 1054 1790 vicinis
1070 1725 1135 1789 alia
1150 1725 1394 1808 interponerent

168 1842 266 1911 atque
289 1828 371 1893 adeo
393 1827 439 1891 ita
460 1839 648 1912 peccarent,
672 1837 708 1892 ut
736 1839 838 1892 metro
861 1827 992 1916 quidem
1016 1850 1080 1892 non
1102 1826 1312 1906 exciderent,
1340 1827 1393 1891 sed

168 1952 282 1996 versus
304 1932 409 1995 minus
432 1930 597 2015 elegantes
620 1931 809 2007 redderent,
839 1953 937 2017 quam
967 1954 986 1994 a
1009 1939 1106 2016 poeta
1126 1930 1269 2014 'profecti
1293 1940 1391 1994 erant.

168 2033 225 2117 qui
252 2056 365 2098 versus
393 2034 511 2099 mutati
541 2033 670 2118 quando
698 2035 786 2119 apud
814 2033 985 2098 histriones
1018 2034 1265 2099 increbruerant
1299 2043 1393 2120 atque

169 2137 444 2214 inveteraverant,
484 2137 563 2221 quid
596 2137 713 2202 mirum
753 2137 780 2201 si
813 2137 845 2199 in
880 2136 1079 2221 exemplaria
1113 2158 1242 2223 quoque
1277 2135 1392 2221 quibus

168 2236 339 2303 utebantur
354 2236 535 2302 transibant
553 2238 665 2302 eodem
682 2237 788 2318 modo,
804 2261 868 2326 quo
882 2239 916 2303 iu
934 2239 1175 2325 tragoediarum
1187 2238 1390 2305 Graecarum

166 2341 265 2406 libros
287 2341 480 2405 histrionum
502 2342 612 2404 variae
634 2340 787 2405 lectiones
810 2342 1026 2406 transierunt?
1064 2341 1271 2406 diversitates
1296 2343 1392 2430 igitur

167 2444 201 2508 in
224 2444 431 2509 collocatione
449 2442 620 2508 verborum
640 2443 725 2508 iuter
741 2445 945 2510 recensiones
961 2445 1198 2510 intercedentes
1214 2446 1391 2510 maximam

167 2556 293 2636 partem
321 2547 362 2611 ad
390 2545 583 2611 histrionum
613 2547 812 2632 exemplaria
841 2548 944 2611 refero
973 2560 1020 2628 et,
1046 2545 1200 2634 quoniam
1226 2547 1262 2611 id
1292 2570 1391 2634 genus

169 2672 280 2715 earum
301 2648 444 2728 abillis,
468 2671 551 2733 quae
575 2670 652 2713 casu
675 2663 730 2714 aut
757 2650 1044 2736 grammaticorum
1067 2672 1164 2736 opera
1187 2660 1288 2716 natae
1311 2661 1391 2729 sunt,

57 2747 62 2758 ’
169 2752 333 2841 segregari
356 2752 476 2840 nequit,
500 2752 662 2816 adunam
685 2774 795 2816 omnes
818 2753 851 2816 in
874 2753 936 2818 hoo
961 2762 1060 2838 caput
1082 2754 1294 2838 congregavi,

255 2852 297 2918 In
330 2854 574 2920 collocationem
607 2853 779 2919 verborum
814 2877 872 2940 per
904 2855 1106 2921 recensiones
1140 2855 1260 2920 mirum
1295 2878 1389 2940 quam

168 2956 330 3022 diversam
361 2957 505 3023 animum
537 2957 602 3021 iam
630 2957 770 3022 advertit
798 2957 1039 3023 Studemundus
1066 2951 1157 3025 Mus,
1170 2958 1272 3023 Rhea.
1296 2958 1388 3024 XXI

166 3058 198 3146 p.
220 3059 282 3125 581
299 3081 346 3147 sq.
370 3058 413 3124 ad
441 3059 522 3126 Tria.
544 3058 586 3124 25

253 3161 301 3229 A:
323 3160 368 3226 m
390 3161 609 3239 conducibile3
632 3185 709 3227 nam
732 3185 792 3250 ego
813 3163 910 3229 hodie
934 3162 1075 3229 amicum
1096 3185 1205 3231 meum

252 3264 296 3329 P:
318 3264 364 3329 Et
386 3263 605 3343 conducibile3
628 3287 704 3331 nam
726 3287 787 3352 ego
810 3267 950 3331 amicum
971 3266 1069 3332 hodie
1091 3289 1199 3332 meum

166 3365 248 3432 haec
270 3366 442 3432 adnotans:
473 3367 567 3447 ,Sehr
593 3368 705 3454 heufig
733 3367 850 3433 weicht
879 3367 931 3451 die
954 3367 1172 3434 Palatinische
1202 3367 1387 3436 Recension

167 3492 232 3535 von
265 3469 322 3534 der
354 3469 663 3536 Ambrosianischen
696 3472 729 3534 in
757 3470 871 3557 Bezug
900 3469 959 3535 auf
983 3470 1036 3536 die
1064 3471 1308 3560 Wortstellung
1341 3472 1390 3554 ab,

167 3572 250 3636 ohne
272 3571 347 3637 dass
372 3596 448 3638 man
476 3597 535 3638 aus
561 3575 756 3640 metrischen
776 3575 844 3639 und
867 3573 1098 3661 prosodischen
1120 3572 1282 3641 Grlinden
1307 3575 1391 3640 einer

166 3699 230 3742 von
252 3674 366 3740 beiden
389 3677 596 3742 entschieden
619 3677 680 3741 den
704 3676 837 3764 Vorzug
859 3677 964 3764 geben
992 3677 1121 3742 kiinnte.
1165 3674 1250 3741 Hier
1269 3676 1391 3764 jedoch

165 3780 223 3845 hat
244 3801 319 3844 man
342 3778 548 3845 entschieden
571 3781 632 3845 den
654 3780 684 3844 P
707 3804 747 3845 zu
769 3781 900 3867 folgen‘.
944 3778 1001 3864 qui
1024 3780 1112 3863 quod
1133 3778 1188 3843 hic
1210 3778 1280 3844 illic
1303 3779 1390 3843 litem

164 3884 249 3948 inter
264 3881 465 3948 recensiones
488 3883 532 3947 ita
555 3883 705 3949 dirimere
722 3883 838 3962 studet,
858 3893 896 3950 ut
918 3905 989 3947 eam
1005 3904 1117 3948 versus
1132 3882 1285 3961 formam,
1309 3902 1389 3970 quae

166 3984 381 4055 severioribus
408 3985 545 4050 trimetri
567 3985 688 4054 Graeci
715 3983 841 4072 legibus
864 3983 1074 4071 respondeat,
1103 3983 1288 4068 praeferat,
1315 3981 1391 4047 mihi

166 4089 296 4173 quidem
312 4088 419 4175 legem
433 4110 552 4152 novam
568 4089 625 4153 sed
647 4111 718 4153 earn
734 4111 798 4151 non
813 4085 1014 4174 probandam
1035 4087 1069 4150 in
1084 4085 1183 4151 crisin
1200 4084 1391 4152 Plautinum

168 4191 294 4258 videtur
316 4189 473 4255 intulisse.
518 4191 662 4275 disputat
683 4190 769 4254 euim
795 4215 825 4278 p.
849 4189 913 4257 604
928 4211 976 4273 sq.
999 4189 1041 4253 ad
1067 4188 1148 4255 Tria.
1172 4187 1259 4254 4382

250 4292 298 4357 A:
321 4291 410 4357 Bene
433 4292 501 4358 volt
524 4291 592 4358 tibi.
614 4293 623 4380 ΙΙ
646 4293 761 4378 edepol
783 4315 909 4358 mecum
931 4301 1081 4358 mutuum
1104 4289 1184 4354 facit

249 4394 291 4460 P:
315 4394 405 4460 Bene
427 4393 495 4459 volt
518 4393 585 4462 tibi.
608 4395 617 4480 l
640 4395 753 4481 edepol
778 4406 923 4463 mutuum
945 4416 1075 4459 mecum
1097 4392 1187 4458 facit.

165 4496 216 4576 ‚In
237 4496 267 4562 P
288 4497 331 4561 ist
351 4497 409 4562 der
430 4496 461 4563 4.
483 4495 567 4561 Fusa
590 4499 668 4581 rein,
693 4497 750 4563 der
779 4501 810 4564 b.
833 4499 964 4576 unrein,
992 4497 1176 4582 uberhaupt
1204 4495 1266 4563 der
1288 4517 1391 4586 ganne
