3120 5138
678 356 878 456 ..Q

169 561 385 648 ,portendunt‘
401 561 501 647 igitur
516 561 680 646 expectari
697 559 893 626 Ritsobelius
911 559 1076 623 verissime
1100 560 1194 623 dixit.
1222 582 1284 647 pro
1306 559 1380 625 testi·

166 664 281 729 moniis
302 666 366 729 sint
379 663 464 730 One.
481 669 543 730 272
561 687 612 741 ‚ne
626 665 708 728 lorte
724 664 851 727 eveniat
873 661 930 726 tibi
955 685 1110 748 magnum
1134 664 1267 745 malum,
1294 661 1381 747 Quod

165 768 206 832 in
227 768 362 852 quiete
384 766 441 832 tibi
464 776 764 852 portentumst‘3
787 767 879 829 Poen.
903 765 975 830 749.
1000 765 1092 829 1205.

254 870 328 934 Non
350 870 454 956 magis
477 892 576 956 quam
597 870 658 933 hoo
680 869 751 934 looo
774 869 959 931 retractatio
982 869 1152 932 metrica
1175 891 1195 931 a
1211 882 1384 934 oorreotore

166 973 238 1057 ipso
266 973 413 1037 instituta
442 973 612 1037 statuenda
640 983 687 1036 est
716 970 807 1036 Stich.
830 969 891 1035 632
915 993 978 1055 sq.,
1007 970 1062 1035 ubi
1085 972 1119 1034 ni
1142 972 1252 1037 omnia
1275 973 1385 1036 fallunt

169 1086 285 1141 neuter
297 1097 409 1141 versus
425 1074 467 1140 ab
485 1076 555 1161 ipso
570 1075 687 1138 Plauto
703 1075 864 1159 profectus
881 1085 936 1154 est,
955 1073 1011 1136 sed
1027 1085 1163 1161 uterque
1178 1075 1386 1140 histrionibus

168 1178 314 1244 debetur.
375 1211 378 1216 ·
669 1253 672 1259 Ι

253 1281 300 1348 A:
329 1281 442 1344 Iamne
471 1279 640 1346 abierunt?
673 1277 837 1345 Gelasime
874 1278 964 1354 vide,
994 1279 1082 1342 mino
1112 1280 1247 1344 oonsilio
1277 1282 1386 1367 οάτοῑ)

1190 1397 1300 1468 opust.

253 1485 296 1551 P:
320 1485 433 1548 Iamne
455 1483 577 1548 abisti?
605 1482 769 1549 Gelasimo
792 1483 880 1564 vide,
916 1485 995 1567 quid
1024 1507 1058 1548 es
1087 1496 1242 1569 capturus
1266 1489 1387 1556 consili.

253 1587 449 1652 Ritsohelius
472 1609 544 1651 oum
568 1587 650 1649 inter
673 1610 703 1650 v.
726 1585 789 1648 632
812 1597 843 1651 et
865 1587 937 1668 635,
962 1610 1058 1673 quem
1081 1589 1292 1668 numerabat,
1324 1614 1387 1655 sen·

169 1692 304 1840 tedptiam
333 1690 420 1753 hiare
450 1689 589 1765 videret,
620 1698 755 1773 utraque
788 1690 972 1753 recensione
1006 1690 1151 1756 adhibita
1184 1693 1245 1755 bos
1279 1716 1388 1758 versus

171 1799 188 1841 e
213 1775 286 1840 'ditz

253 1879 367 1942 Iamne
390 1876 460 1942 abis
482 1880 540 1944 tu?
566 1875 651 1964 [abit
671 1874 837 1963 profecto}
861 1898 946 1940 nuno
969 1877 1101 1940 oonsilio
1124 1899 1203 1942 sano
1226 1892 1335 1965 opust.

254 1979 377 2068 [Ambo
394 1979 575 2067 abi]erunt:
599 1980 672 2043 vide
692 1977 867 2055 Gelasime,
891 1979 969 2064 quid
986 1981 1147 2064 capturu’s
1166 1982 1290 2046 consili.

169 2105 248 2169 quos
261 2104 373 2147 vereor
385 2096 421 2148 ut
433 2084 585 2166 cuiquam
598 2081 790 2166 probaverit.
805 2092 934 2166 praeter
948 2104 1044 2165 quem
1056 2105 1165 2146 omnes
1178 2085 1268 2168 quod
1279 2086 1388 2163 sciam,

168 2184 226 2269 qui
241 2185 282 2248 de
304 2185 365 2249 hoo
388 2207 482 2249 versu
508 2196 653 2270 egerunt,
677 2182 888 2247 Ambrosiani
914 2206 1041 2248 versum
1063 2209 1122 2271 pro
1145 2209 1220 2250 vere
1237 2187 1387 2252 Plautino

105 2320 108 2327 ·
168 2285 362 2367 habuerunt,
392 2287 454 2350 nisi
483 2287 570 2370 quod
600 2286 767 2350 Beckerus
799 2285 958 2372 (Studem.
988 2291 1067 2352 stud.
1090 2289 1108 2351 I
1135 2312 1167 2375 p.
1192 2292 1269 2372 208)
1304 2304 1387 2355 oerto

166 2390 287 2455 iudioio
315 2388 463 2455 abstinet.
491 2399 524 2453 at
547 2388 623 2453 huio
645 2410 773 2472 quoque
797 2410 879 2475 quae
903 2387 1030 2453 obstant
1066 2392 1143 2455 satis
1167 2393 1282 2476 gravia
1306 2407 1387 2457 sunt.

168 2513 206 2555 ao
224 2489 361 2577 primum
379 2489 509 2576 quidem
525 2491 641 2571 ,iamne
658 2490 798 2567 abisti?‘,
821 2490 908 2573 quod
923 2490 952 2554 P
971 2492 1136 2576 praebent,
1161 2496 1239 2557 ferri
1260 2497 1387 2580 nequit3

166 2618 249 2679 quae
271 2594 408 2658 elooutio
430 2593 477 2658 sio
500 2604 623 2657 tantum
640 2594 786 2658 adhiberi
811 2605 925 2680 potest,
950 2606 986 2660 ut
1009 2596 1080 2678 quis
1103 2618 1285 2680 personam,
1311 2620 1385 2683 qua·

166 2720 240 2764 oum
274 2697 448 2762 collocutus
483 2708 531 2761 est
567 2697 723 2781 cuiusque
758 2697 881 2761 abitum
916 2721 979 2761 non
1013 2698 1259 2778 animadvertit,
1294 2704 1387 2785 quasi

167 2801 273 2866 adhuc
293 2809 496 2885 praesentem
519 2800 717 2886 alloquatur3
741 2801 830 2864 velut
858 2801 942 2868 Troe.
966 2801 1037 2868 633.
1061 2801 1125 2864 634

252 2901 337 2985 Quid
361 2902 440 2965 mihi
462 2904 647 2979 futurumst,
671 2903 747 2986 quoi
773 2902 856 2967 duae
880 2904 1015 2967 ancillae
1039 2904 1156 2981 dolent,

252 3001 378 3087 Quibus
401 3015 432 3067 te
455 3005 596 3071 donavi?
619 3005 725 3068 iamne
749 3005 865 3072 abisti?
886 3045 929 3054 -
951 3028 1002 3070 em
1025 3006 1070 3070 sia
1093 3006 1199 3070 datur.

168 3109 209 3170 of.
236 3108 319 3170 Mea.
346 3105 418 3172 550.
446 3107 539 3170 Mero.
567 3107 640 3176 791.
677 3107 793 3171 deinde
828 3109 1040 3172 indicativum
1070 3109 1104 3172 iu
1136 3109 1386 3194 interrogatione

169 3207 301 3292 obliqua
324 3208 406 3272 falso
426 3211 567 3292 positum
590 3231 659 3273 esse
688 3209 856 3274 Becherus
879 3214 958 3273 stud.
979 3213 1044 3296 Ip.
1061 3211 1122 3277 208
1146 3211 1386 3278 demonstravit.

171 3313 225 3397 qui
249 3332 323 3375 oum
350 3313 389 3374 sit
410 3324 544 3395 reponat
568 3324 599 3376 et
621 3314 713 3376 metri
737 3313 843 3397 gratia
866 3317 982 3390 ,iamne
1005 3313 1117 3379 abiit‘?‘
1148 3314 1269 3379 scribat
1291 3328 1387 3399 atque

168 3414 213 3476 ita
238 3412 322 3475 huno
345 3435 473 3492 versum
496 3413 529 3477 in
553 3416 730 3500 archetypo
755 3415 974 3480 Palatinorum
997 3417 1095 3480 fuisse
1118 3425 1250 3480 censeat

254 3514 364 3578 Iamno
387 3515 489 3579 abiit?
513 3516 686 3595 Gelasimo,
711 3517 794 3595 vide,
818 3518 897 3605 quid
920 3519 964 3582 sis
987 3528 1141 3602 oapturus
1168 3519 1293 3596 consili,

167 3616 253 3693 feeit,
269 3616 357 3699 quod
368 3619 483 3682 rationi
497 3621 693 3684 eontrarium
711 3631 775 3697 est3
796 3621 982 3688 emandavit
998 3622 1083 3685 enim
1097 3643 1160 3685 nou
1178 3621 1385 3686 librariorum

170 3741 309 3799 errores,
345 3720 401 3783 sed
429 3720 531 3805 ipsius
565 3723 621 3805 qui
648 3745 777 3787 versum
804 3724 927 3787 invenit
967 3724 1056 3787 vitia.
1108 3746 1165 3787 nos
1194 3744 1326 3788 versum
1352 3735 1387 3788 ut

169 3821 305 3886 traditus
329 3832 377 3886 est
399 3822 609 3907 relinquimus
639 3825 759 3909 potius,
791 3825 847 3889 sod
871 3825 1135 3890 aPlautinorum
1163 3827 1386 3891 communione

168 3946 386 4011 segregamus.
431 3921 517 4013 quod
546 3937 655 3992 autem
683 3928 725 3991 ad
753 3928 962 3993 Ambrosiani
996 3951 1123 3993 versum
1158 3929 1290 4010 attinet,
1326 3930 1385 3993 hoo

169 4038 371 4106 certumst,
395 4052 465 4093 raro
487 4029 597 4094 deberi
612 4031 860 4115 interpolationi‚
885 4031 969 4114 quod
993 4032 1155 4116 epitheton
1178 4031 1268 4095 nullo
1292 4042 1385 4118 paoto

168 4143 278 4217 aptum
306 4142 362 4195 est.
408 4154 504 4218 quam
525 4132 674 4198 Loewius
697 4135 789 4200 Anat.
805 4136 908 4199 Plaut.
933 4158 965 4221 p.
984 4135 1046 4199 184
1054 4135 1081 4219 ²)
1103 4134 1271 4220 proposuit
1291 4135 1386 4220 scrip

254 4370 275 4437 ¹)
292 4368 501 4424 Studemundua
519 4387 562 4439 ap.
581 4371 738 4425 Beckerum
755 4372 773 4426 l.
792 4390 815 4426 o.
833 4390 859 4441 p.
879 4373 936 4427 208.

254 4473 277 4536 ²)
295 4470 352 4524 Ubi
376 4471 450 4539 quod
473 4472 504 4524 in
525 4472 553 4524 A
578 4481 655 4541 capto
679 4472 786 4541 potius,
810 4489 893 4540 quam
915 4490 978 4527 caro
1000 4475 1085 4528 fnisse
1109 4475 1263 4542 contendit,
1290 4481 1387 4548 postea

171 4555 337 4611 retrectans
354 4555 480 4625 videtur5
499 4573 563 4610 nam
582 4558 612 4611 in
630 4558 672 4612 ed.
691 4573 754 4612 caro
772 4556 802 4612 in
819 4559 846 4611 A
864 4575 924 4614 esse
941 4557 1070 4614 refertur.
