3120 5138
762 258 962 362 432„-

298 450 385 517 Moat.
408 448 470 513 793

360 553 407 618 P:
430 550 517 636 Quid
541 551 652 616 nunc?
673 551 682 639 ll
705 553 805 631 vise,
827 564 947 639 specta,
970 565 1024 617 tuo
1047 553 1179 640 [usque]
1203 552 1362 619 arbitratu

338 655 403 719 Art
426 653 514 739 Quid
537 675 623 719 nunc
645 655 729 720 vis?
752 656 760 742 ss
783 657 893 721 visas
917 703 1027 721 .....
1051 666 1106 720 tuo
1127 677 1198 741 usq.
1221 655 1392 722 arbitratu.

253 756 344 822 vides
363 758 395 821 in
410 758 440 823 A
457 757 700 845 interrogationi
723 761 799 845 qaid
820 758 917 824 uuae?
940 758 1053 823 eodem
1075 758 1181 836 modo,
1205 781 1270 846 quo
1287 758 1386 824 Stich.
1402 757 1476 834 624,

256 858 389 924 verbum
412 858 558 925 additum
581 881 661 924 esse.
706 883 781 924 nam
805 885 843 927 ne
865 884 987 927 meram
1011 860 1264 948 dittographiam
1286 861 1396 948 potius
1420 863 1476 947 (oia

256 963 346 1048 maus)
375 973 568 1040 statuamus,
600 962 796 1047 impedimur
823 966 927 1050 spatio
954 965 988 1029 in
1017 965 1051 1028 A
1078 975 1151 1048 post
1178 966 1222 1029 eta
1250 965 1381 1042 relicto,
1413 986 1477 1049 quo

250 1063 331 1131 illud
363 1068 406 1129 eir
434 1088 453 1129 a
480 1067 557 1129 obus
592 1066 824 1131 secernendum
860 1077 892 1133 et
924 1067 1124 1152 Theuropidi
1162 1066 1371 1133 tribuendum
1407 1088 1476 1132 esse

253 1169 439 1234 ostenditur.
486 1190 526 1232 ne
549 1191 625 1232 vero
648 1180 778 1254 praeter
793 1170 994 1256 Geppertum
1018 1170 1091 1254 quis
1114 1169 1264 1235 defensor
1286 1169 1476 1236 elocutionis

251 1274 326 1357 quid
344 1294 421 1335 nuno
435 1269 500 1335 cio?
521 1271 647 1353 existat,
673 1272 729 1337 vix
745 1274 923 1339 verendum
945 1284 1003 1339 est.
1038 1296 1113 1338 nam
1128 1271 1352 1359 Thcuropides
1367 1297 1398 1341 v.
1414 1272 1476 1338 682

249 1375 319 1460 ipse
342 1374 537 1439 Tranionem
561 1374 603 1437 ad
625 1374 788 1440 Simonem
817 1377 1025 1462 ablegaverat
1047 1386 1210 1460 rogatum,
1241 1399 1319 1440 num
1342 1377 1476 1442 domum

249 1478 388 1542 invisere
411 1477 472 1542 sibi
495 1477 614 1541 liceret.
661 1479 716 1565 qui
739 1501 811 1545 cum
834 1502 983 1544 reversus
1006 1503 1036 1543 v.
1060 1479 1122 1544 786
1145 1478 1227 1543 hacc
1250 1479 1384 1545 dixerit:

293 1580 389 1666 Quod
410 1603 461 1646 mc
483 1582 644 1659 misseras,
667 1583 776 1646 adfero
800 1604 894 1646 omne
916 1583 1122 1666 impetratum

249 1685 336 1751 nullo
370 1695 464 1770 pacto
494 1684 718 1770 Theuropides
745 1685 943 1771 interrogare
972 1693 1078 1769 potest
1105 1685 1180 1769 qaid
1205 1705 1284 1746 nuuc
1310 1680 1387 1760 vat,
1417 1682 1474 1747 sed

249 1789 345 1854 unice
373 1799 485 1873 aptum
508 1799 556 1852 est
578 1790 654 1875 quid
677 1786 776 1851 nune?
816 1788 922 1876 (Noa,
944 1789 998 1851 wie
1019 1784 1166 1870 oteltt’sl).
1210 1786 1356 1851 conferas
1379 1785 1476 1850 velim

295 1891 380 1956 Cure.
399 1890 479 1957 549:
514 1890 601 1973 Quid
624 1892 731 1958 nunc?
756 1892 764 1977 [l
786 1891 873 1977 quod
895 1890 1065 1968 mandasti,
1088 1890 1160 1955 feci.

291 1995 403 2060 Pseud.
427 1992 504 2058 321:
541 1993 628 2078 Quid
652 2017 737 2058 nunc
760 1995 850 2061 vis?
872 1994 880 2080 ss
902 2005 939 2059 ut
961 1993 1131 2080 opperiare
1153 1992 1213 2056 hos
1236 2013 1293 2055 sex
1317 1989 1397 2056 dies.

249 2097 316 2175 sed,
346 2108 381 2162 ut
401 2098 440 2160 de
463 2109 642 2162 correctore
671 2097 836 2182 disputare
865 2118 1057 2183 pergamus,
1085 2119 1148 2161 non
1177 2095 1255 2160 satis
1283 2093 1397 2160 habuit
1420 2094 1475 2160 ille

250 2202 441 2265 seutentiam
465 2201 527 2265 hoc
550 2200 645 2265 modo
668 2213 809 2278 mutare,
837 2200 894 2265 sed
916 2212 1017 2266 metro
1047 2221 1174 2286 quoquc
1198 2218 1277 2262 voce
1297 2199 1341 2261 oia
1364 2197 1476 2261 addita

251 2312 404 2391 corrupto
427 2304 593 2369 consulere
618 2325 681 2367 non
704 2303 819 2369 omisit.
854 2325 894 2366 ex
916 2306 975 2368 uite
991 2315 1091 2390 speetu
1106 2303 1191 2367 enim
1209 2301 1381 2366 bacchium
1396 2301 1475 2370 tecit

249 2409 326 2471 uuae
350 2408 501 2493 speetu¹);
536 2408 576 2472 ci.
604 2409 715 2472 Pseud.
742 2407 802 2471 153
835 2410 902 2471 uide
929 2406 968 2483 P,
996 2409 1098 2471 videar
1126 2408 1168 2473 A.
1215 2404 1340 2470 duobus
1373 2405 1474 2492 igitur

249 2509 327 2574 locis
350 2510 435 2574 huuc
458 2532 586 2574 versum
610 2523 770 2575 corrector
785 2510 930 2591 mutavit,
956 2511 982 2574 si
1007 2510 1157 2575 videlicet
1176 2507 1374 2573 Ritschelius
1400 2507 1476 2573 scri·

249 2621 379 2698 pturam
401 2611 610 2677 Ambrosiani
632 2624 718 2678 recte
741 2613 916 2700 indagavit.
962 2636 982 2677 a
1004 2636 1067 2696 quo
1091 2635 1152 2676 uon
1177 2611 1381 2677 mediocriter
1411 2611 1474 2676 dis·

251 2715 336 2781 cedit
352 2716 547 2803 Geppertus,
570 2717 626 2804 qui
649 2717 729 2781 haec
752 2717 786 2779 in
807 2717 840 2783 A
865 2738 934 2781 esse
957 2716 1036 2780 dicit
1058 2716 1150 2799 (stud.
1169 2714 1208 2779 H
1224 2737 1256 2799 p.
1273 2713 1345 2801 72):
1384 2713 1474 2801 ,quid

249 2842 334 2884 nunc
362 2820 411 2884 vis
439 2842 501 2906 age
527 2828 667 2904 aspecta‘
695 2820 814 2904 (spatio
844 2831 916 2904 post
939 2842 994 2904 aye
1022 2817 1164 2905 relicto),
1195 2828 1231 2883 ut
1258 2818 1339 2883 haec
1366 2819 1473 2903 potius

252 2921 446 2986 recensionis
462 2922 565 2986 forma
580 2920 687 2986 verbis
704 2922 787 2985 inter
805 2920 1021 3006 colloquentes
1037 2931 1124 2986 recte
1142 2919 1321 2985 distributis
1337 2921 1473 2986 evadat:

359 3024 446 3110 Quid
469 3027 554 3091 minc
578 3027 651 3090 vis?
737 3025 812 3111 Age
833 3025 964 3110 inspecta
987 3038 1041 3090 tuo
1062 3024 1166 3108 risque
1189 3023 1358 3100 arbitratu,

249 3150 308 3215 pro
334 3151 398 3214 quo
420 3127 607 3214 Geppertue
629 3127 753 3193 mavult
775 3150 830 3212 oye
857 3140 966 3214 speetu.
1013 3128 1053 3192 de
1083 3127 1307 3214 Geppertiana
1339 3127 1474 3194 lectione

249 3230 357 3295 licebit
385 3231 546 3306 dubitare,
581 3253 646 3295 non
674 3251 738 3317 quo
767 3250 871 3294 meum
898 3231 1209 3317 argumentationem
1240 3240 1379 3313 evertat,
1418 3232 1473 3297 sed

249 3333 326 3416 quia
341 3333 496 3419 Gepperti
520 3333 672 3398 lectiones
687 3331 924 3398 Ambrosianae
948 3357 1011 3398 non
1035 3334 1169 3398 eandem
1187 3348 1282 3417 atque
1298 3332 1472 3400 Ritschelii

250 3435 464 3500 Studemundi
486 3434 608 3500 Loewii
639 3435 862 3500 auctoritatem
890 3447 922 3501 et
949 3436 1046 3501 fidem
1074 3435 1205 3502 habent.
1250 3435 1307 3501 sed
1330 3435 1371 3500 sit
1392 3436 1475 3502 haec

251 3548 339 3602 recta
362 3560 550 3625 summaque
574 3538 637 3603 fide
654 3538 763 3623 digna,
787 3539 864 3624 quid
881 3539 1092 3604 iudicandum
1108 3538 1195 3606 erit?
1235 3540 1311 3625 quid
1333 3563 1411 3604 uano
1433 3543 1476 3604 oia

250 3663 270 3704 a
292 3641 457 3727 Gepperto
480 3641 548 3705 sine
570 3641 637 3707 ulla
660 3641 860 3708 dubitatione
882 3655 1049 3727 receptum
1074 3663 1147 3707 cum
1170 3664 1211 3707 ex
1234 3651 1345 3706 nostra
1367 3642 1475 3729 dispu-

250 3745 368 3809 tatione
392 3744 580 3829 neutiquam
608 3747 729 3810 servari
760 3768 863 3833 neque
892 3756 1000 3810 tamen
1029 3765 1137 3811 errore
1159 3755 1270 3809 natum
1294 3767 1364 3811 esse
1388 3745 1476 3811 credi

248 3846 364 3932 possit,
394 3869 434 3910 ne
465 3848 512 3912 sic
539 3847 670 3931 quidem
701 3847 872 3913 correctori
896 3870 960 3913 non
982 3847 1188 3914 tribuendum
1212 3856 1275 3925 est3
1310 3870 1366 3934 aye
1388 3870 1476 3928 vero,

248 3949 311 4014 nisi
333 3949 367 4014 in
390 3949 547 4035 Gepperti
570 3950 677 4015 animo
700 3950 805 4038 potius
829 3973 925 4038 quam
949 3952 984 4015 in
1005 3951 1039 4014 A
1062 3961 1166 4029 extat,
1196 3972 1239 4015 ex
1268 3970 1364 4015 versu
1393 3949 1476 4017 inse·

249 4054 361 4139 quenti
383 4053 589 4139 desumptum
613 4064 670 4120 est.
715 4055 810 4140 longe
839 4064 947 4120 autem
971 4055 1023 4119 vel
1051 4054 1125 4120 huio
1149 4053 1392 4138 Geppertianae
1414 4053 1476 4120 lec·

336 4331 357 4396 ¹)
376 4327 447 4383 (lum
464 4326 637 4383 Ritschelius
655 4328 726 4380 visor
743 4367 851 4381 .....
870 4345 905 4380 ex
916 4325 944 4379 A
956 4329 1063 4393 auctet,
1089 4328 1237 4397 aucmenta
1254 4326 1368 4381 videtur
1388 4327 1476 4398 scrip·

249 4417 309 4467 tum
327 4412 428 4481 fuisse3
446 4412 480 4468 cf.
499 4411 636 4482 chperti
654 4412 847 4467 testimonium
864 4429 915 4482 uqa
926 4421 1043 4482 aspectu.
1072 4412 1171 4481 spatiis
1183 4412 1353 4481 computatis
1365 4416 1473 4467 certum

251 4501 304 4565 est,
321 4509 411 4569 specto
430 4499 534 4553 nonin
551 4506 650 4569 spectet
669 4500 854 4554 correctorem
872 4497 1032 4553 mutavisse.
