3120 5138
752 305 811 368 141

165 505 281 592 (supra
303 529 332 573 v.
355 506 427 574 842.
450 507 529 593 843)
559 510 661 594 spurii
688 510 829 576 habendi
859 518 943 586 sunt,
972 531 1047 572 nam
1079 518 1111 572 et
1133 530 1235 594 pravo
1258 508 1328 573 loco
1351 509 1392 573 le-

165 621 289 694 guntur
304 609 489 693 (Acidalius
502 620 575 698 post
588 611 650 675 745
666 612 773 696 posuit
792 613 899 700 [cuius
915 611 1121 697 transpositio
1137 633 1235 696 supra
1252 611 1392 676 numeris

166 710 399 776 Ritseheliauis
420 711 562 776 indicata
585 713 660 802 est])
684 726 715 778 et
737 737 867 800 prorsus
890 714 990 799 inepti
1012 723 1103 791 sunt3
1133 737 1208 778 nam
1233 713 1392 794 „dimissis

166 814 337 879 manibus“
374 815 472 900 vulgo
508 815 672 894 dicebant,
708 816 868 896 „dimissis
896 816 1065 902 pedibus“,
1096 817 1182 903 quod
1210 816 1393 902 corrigendi

168 939 269 982 eausa
288 917 482 1005 [secuudum
499 918 547 1006 A]
563 919 705 1002 affertur,
729 920 809 984 nihil
832 930 889 987 est.
912 921 962 984 sin
984 918 1017 984 hi
1040 918 1105 984 duo
1128 941 1239 985 versus
1263 917 1393 984 tenendi

167 1033 252 1098 sunt,
276 1022 455 1086 necessario
478 1023 703 1110 amplectenda
726 1036 773 1088 est
795 1036 827 1087 et
846 1023 1053 1109 transpositio
1075 1022 1220 1086 Acidalii
1244 1033 1275 1086 et
1300 1021 1393 1087 Pala-

166 1125 308 1190 tinorum
332 1124 480 1188 codicum
502 1126 679 1211 scriptura,
708 1137 744 1192 ut
772 1147 893 1212 coquus
921 1125 1012 1213 prius
1043 1126 1202 1205 „dimissis
1225 1126 1392 1212 pedibus“‚

169 1227 287 1292 deiude
309 1249 344 1292 se
360 1229 525 1312 corrigens
541 1227 732 1307 „manibus“
756 1228 893 1293 dixerit‘.
917 1229 1093 1293 rectissime
1108 1230 1188 1294 haec
1203 1229 1392 1316 Ussingius3

169 1342 201 1395 et
223 1346 295 1394 sunt
325 1354 377 1394 vv.
401 1331 472 1395 842.
505 1330 567 1394 843
596 1330 725 1394 tenendi
753 1349 933 1415 propterea,
964 1331 1051 1416 quod
1080 1354 1146 1395 eum
1173 1333 1295 1395 odorem
1322 1331 1393 1396 sub·

169 1454 308 1520 sequens
331 1432 430 1496 verba
453 1435 565 1496 nodos
587 1433 860 1519 inelegantissime
883 1432 1003 1497 dictum
1028 1446 1121 1510 esset,
1145 1443 1257 1498 contra
1280 1443 1393 1519 aptum

169 1549 266 1621 atque
296 1536 378 1602 adeo
406 1537 623 1601 necessarium
652 1545 717 1612 est,
751 1538 778 1599 si
806 1537 870 1602 duo
898 1557 1009 1601 versus
1037 1536 1249 1603 intercedant.
1283 1537 1391 1624 itaque

170 1638 409 1704 Ambrosianus
432 1641 692 1703 retractationem
716 1649 870 1723 expertus
893 1648 950 1702 est.

215 1742 326 1805 Pseud.
350 1742 412 1806 723
434 1743 488 1828 (ef.
511 1741 662 1806 Loewius
685 1743 777 1805 Anat.
801 1742 904 1805 Plana
928 1762 959 1825 p.
985 1741 1060 1827 169)

258 1845 308 1908 A:
332 1844 468 1931 Egone?
484 1843 497 1933 ΙΙ
513 1856 547 1910 tu
563 1845 634 1909 istie
651 1844 751 1929 ipsus,
767 1845 910 1931 inquam,
927 1845 954 1908 si
969 1843 1101 1928 quidem
1116 1844 1177 1908 hoo
1193 1843 1280 1909 vivet
1296 1859 1395 1930 caput

256 1947 299 2011 P:
323 1947 461 2033 Egone?
477 1949 491 2038 {t
506 1960 583 2014 tute.
599 1947 613 2036 {t
628 1946 759 2037 eg0[u]?
781 1948 869 2033 ipsus
892 1949 1024 2035 inquam
1047 1969 1074 2013 e.
1097 1969 1128 2030 q.
1153 1968 1177 2010 s.

173 2049 201 2113 si
228 2049 260 2112 iu
287 2059 425 2135 utraque
459 2053 645 2117 recensione
671 2061 797 2116 extaret
830 2061 877 2128 ‚tu
904 2052 977 2116 istic
1004 2051 1110 2135 ipsus,
1144 2049 1288 2131 inquam‘
1317 2049 1389 2131 quis

171 2152 320 2229 dubitare
341 2155 498 2219 auderet?
521 2170 553 2219 at
569 2155 720 2242 quoniam
744 2157 777 2218 in
800 2155 903 2219 altera
924 2155 1109 2219 recensione
1125 2151 1215 2216 aliud
1239 2151 1393 2238 quiddam

174 2267 239 2332 est,
264 2279 314 2320 res
338 2257 463 2322 arbitrii
481 2260 581 2323 nostri
597 2271 653 2324 est.
677 2280 715 2322 ac
733 2258 893 2344 triplicem
914 2279 1124 2344 personarum
1147 2254 1356 2319 mutationem
1377 2276 1394 2318 e

170 2361 376 2444 grammatici
404 2361 535 2447 ingenio
562 2363 738 2446 profectam
767 2385 836 2427 esse
858 2384 953 2427 nemo
975 2360 1070 2426 facile
1099 2358 1288 2438 contendat,
1321 2379 1394 2422 cum

171 2485 191 2528 a
218 2466 503 2549 grammaticorum
526 2466 648 2529 ratione
678 2465 861 2551 corrigendi
889 2465 953 2529 tale
980 2463 1060 2552 quid
1089 2460 1320 2526 alienissimum
1343 2461 1394 2524 sit.

163 2565 286 2630 eadem
316 2576 422 2630 autem
457 2589 554 2653 quam
582 2581 656 2652 apte
685 2568 726 2630 ad
760 2568 927 2654 exemplar
954 2566 1122 2631 histricum
1150 2563 1262 2628 referri
1294 2564 1396 2648 possit

171 2689 265 2732 nemo
289 2689 351 2731 non
375 2668 471 2735 videt.
494 2670 551 2733 sed
573 2670 709 2734 fortasse
732 2668 773 2733 ab
796 2672 865 2754 ipso
887 2669 1004 2733 Plauto
1028 2668 1172 2753 profecta
1193 2675 1251 2730 est.
1275 2667 1395 2750 optime

176 2771 261 2836 enim
277 2770 379 2835 oratio
395 2770 442 2834 sic
458 2769 615 2855 procedit,
631 2780 667 2834 ut
681 2769 893 2856 interroganti
910 2768 1062 2836 Oalidoro
1079 2765 1189 2853 spone?
1211 2767 1395 2833 Pseudulus

172 2874 252 2941 nihil
275 2874 336 2938 nisi
359 2885 419 2937 tute
441 2872 642 2958 respondeat,
666 2894 740 2936 cum
763 2894 839 2937 vero
862 2873 916 2938 ille
938 2872 1123 2936 incredulus
1146 2872 1263 2936 iterum
1286 2873 1393 2951 instet,

172 2977 346 3042 iracundus
372 2976 437 3040 iam
465 2997 503 3039 ao
531 2974 705 3039 vehemens
727 2974 859 3038 fortiore
881 2973 1095 3038 affirmatione
1118 2957 1232 3038 utatur
1249 2976 1331 3061 ipson
1352 2978 1396 3037 in·

173 3104 274 3167 quum.
296 3078 384 3162 quod
406 3077 512 3141 minus
536 3075 617 3140 bene
640 3096 674 3138 se
696 3073 801 3139 habet
815 3075 849 3138 in
871 3075 915 3153 A,
938 3073 994 3140 ubi
1016 3074 1261 3159 interrogationi
1284 3075 1394 3163 epuns?

173 3185 242 3247 sine
271 3203 369 3246 eausa
397 3177 676 3244 vehementissime
700 3179 912 3263 respondetur
940 3190 972 3242 tu
1000 3181 1065 3243 istic
1091 3180 1173 3264 ipsas
1194 3181 1329 3266 inquam.
1363 3192 1396 3244 tu

173 3289 239 3350 attic
261 3297 369 3350 autem
392 3305 456 3349 nou
481 3293 547 3346 tam
569 3280 734 3366 singulare
757 3291 821 3357 est,
850 3292 886 3345 ut
913 3303 977 3345 non
1007 3282 1147 3366 potuerit
1169 3281 1305 3368 'cuidam
1333 3305 1396 3348 ser·

174 3388 278 3453 monis
294 3385 407 3452 comici
430 3384 533 3472 perito
555 3384 587 3447 in
610 3395 749 3448 mentem
774 3383 892 3447 venire.
917 3383 1091 3471 Ussingius
1115 3384 1200 3448 enim
1223 3387 1265 3450 ad
1280 3387 1394 3474 Ampl.

174 3491 238 3556 362
260 3490 339 3555 citat
361 3489 473 3575 Amph.
488 3486 552 3551 366
574 3485 668 3554 G.·Ia
691 3485 754 3551 575
777 3487 824 3573 (tu
846 3487 924 3572 istic)
941 3487 1002 3550 747
1026 3488 1101 3572 (tute
1123 3488 1201 3573 istic)
1224 3489 1307 3552 Men.
1323 3489 1396 3554 651.

174 3593 237 3657 653
260 3604 292 3656 tu
314 3593 379 3655 aistis
400 3592 535 3675 inquam,
565 3587 627 3653 937
650 3601 691 3663 tu,
715 3600 747 3652 ta
768 3591 842 3672 tatia,
872 3590 965 3653 Mera.
989 3588 1052 3652 759
1073 3601 1106 3652 tu
1127 3591 1193 3652 attic
1214 3592 1304 3678 apuu.
1339 3591 1396 3656 sed

174 3708 248 3762 utra
270 3694 429 3778 scriptura
451 3690 604 3757 Plautina
626 3691 680 3769 sit,
710 3691 764 3756 hic
788 3713 852 3756 uon
876 3693 956 3756 tanti
979 3703 1026 3756 est
1048 3693 1202 3758 momenti
1225 3694 1338 3777 quanti
1360 3703 1397 3759 ut

175 3797 394 3863 diversitatem
417 3817 458 3858 ex
480 3794 629 3859 scaenica
651 3795 837 3859 recensione
859 3796 1069 3882 repetendam
1092 3819 1162 3861 esse
1185 3805 1353 3862 statuatur.

260 3899 358 3967 Oasui
375 3900 510 3963 fortasse
532 3920 597 3961 non
619 3897 751 3961 consilio
768 3897 971 3964 tribuendum
996 3909 1043 3962 est
1070 3897 1157 3982 quod
1173 3899 1284 3965 Pseud.
1303 3897 1394 3975 1010,

178 4027 273 4090 quem
297 4025 426 4067 versum
449 3999 641 4084 Ussingium
664 4010 793 4066 secutus
816 4001 871 4086 (cf.
895 4002 969 4069 adn.
992 4000 1034 4065 ad
1057 4003 1101 4088 v.)
1125 4001 1171 4066 sio
1192 4001 1281 4088 lego:

175 4212 377 4224 ..------=

175 4365 202 4402 v.
226 4347 314 4401 Arist.
336 4334 422 4418 proti.
446 4346 470 4410 5,
493 4345 516 4400 8.
540 4343 677 4414 Theophr.
703 4345 775 4401 etur.
798 4344 815 4400 3
836 4345 957 4414 extr.,‘i.
975 4363 997 4402 e.
1021 4345 1069 4416 qui
1091 4360 1189 4400 manus
1207 4343 1237 4400 in
1255 4342 1395 4400 diversans

175 4437 286 4503 partem
303 4436 406 4498 movet,
430 4435 462 4484 ut
484 4431 655 4485 alternante
673 4449 773 4501 corpus
790 4433 965 4503 porrigatur,
984 4433 1073 4488 altera
1090 4435 1168 4501 post,
1185 4433 1218 4484 ut
1234 4430 1267 4483 fit
1285 4432 1315 4484 in
1333 4447 1397 4484 con·

175 4518 303 4573 tentione
321 4535 425 4572 cursus.
443 4518 473 4570 in
491 4517 611 4571 vasculis
629 4517 751 4586 antiquis
770 4534 852 4586 saepe
869 4520 909 4573 sic
926 4522 1071 4584 eumentes
1089 4516 1316 4586 conspiciuntur&
