3120 5138
680 292 881 391 -.237-

258 493 494 559 Ambrosianus
517 496 679 581 duplicem
703 499 923 563 recensionem
946 509 1098 586 expertus
1115 509 1177 565 est:
1202 510 1391 589 eapropter

171 618 354 661 mensuram
384 620 419 661 ea
440 599 496 662 tho
518 600 691 664 dbsenatam
720 601 867 677 eiectum,
890 610 921 666 et
944 599 1051 666 hiatus
1081 603 1238 667 sententia
1267 612 1298 668 et
1320 626 1390 689 pro

168 699 341 763 nuntiandi
378 723 482 785 pausa
519 714 692 766 excusatus
730 703 875 770 sublatus
912 715 959 768 est
998 705 1119 770 inserto
1157 717 1259 792 atque,
1303 707 1390 792 quod

167 802 327 868 immerito
350 803 510 888 placuisse
532 804 725 889 Niemeyero
749 818 779 870 et
802 806 938 873 Goetzio
957 806 1177 873 demonstrant
1190 807 1390 873 scauvam

254 904 325 969 Iam
348 906 457 971 hercle
479 906 539 994 dgo
562 930 620 992 per
641 909 767 973 hortum
792 910 833 974 ad
856 911 994 975 amicam
1016 911 1159 976 transibd
1181 934 1286 976 meam

253 1007 300 1072 Mi
321 1008 406 1072 hanc
428 1009 621 1095 occupatum
644 1015 809 1078 ndctem:
832 1013 964 1078 eadem
989 1012 1168 1079 sumbolam

253 1110 348 1176 Dabo
372 1114 403 1176 et
425 1112 543 1179 iubebo
567 1137 593 1178 e.
618 1138 648 1200 q.
672 1139 697 1180 s.

166 1215 251 1277 Pera.
274 1214 346 1281 444.
369 1215 433 1280 445

254 1316 307 1381 abi
330 1317 410 1381 istac
433 1319 475 1383 ad
497 1321 618 1384 forum:
647 1321 770 1386 Eadem
799 1321 896 1385 facito
927 1321 1042 1385 mulier
1064 1330 1206 1386 transeat
1229 1345 1256 1386 e.
1280 1344 1309 1409 q.
1333 1324 1388 1407 s.1)

167 1419 273 1484 simile
296 1423 480 1506 exemplum
504 1435 551 1487 est
573 1424 666 1488 Mero.
683 1424 756 1502 309,
779 1424 836 1490 ubi
859 1445 921 1487 non
946 1444 1018 1488 cum
1043 1423 1219 1488 Ritsohelio
1242 1424 1389 1491 Goetzio-

167 1543 233 1605 que
257 1523 285 1586 Α
309 1524 509 1607 sequendum
532 1524 684 1590 arbitror:

252 1625 301 1690 A:
324 1625 387 1694 Vel
409 1635 445 1692 ut
467 1627 549 1691 scias
574 1649 624 1692 me
647 1650 765 1704 amare,
789 1649 870 1716 cape
894 1629 1032 1694 cultrum
1055 1652 1097 1694 ac
1120 1650 1194 1694 seca

320 1727 469 1816 Digitum

257 1831 298 1896 P:
322 1830 385 1899 Vel
408 1844 443 1896 ut
466 1832 548 1900 scias
571 1858 623 1901 me
647 1857 765 1914 amare,
789 1858 868 1921 cape
894 1835 1042 1914 cultrum,
1066 1856 1140 1900 seca

321 1934 481 2022 Digitum.

166 2060 204 2099 ac
226 2059 245 2100 a
266 2037 477 2122 grammatico
499 2038 594 2102 facile
616 2039 714 2103 inseri
736 2039 852 2126 potuit,
868 2062 933 2125 qua
955 2042 1078 2105 ratione
1101 2040 1242 2105 deletum
1258 2040 1307 2123 sit,
1332 2038 1388 2103 vix
1435 2069 1437 2076 ·

164 2139 336 2224 quisquam
378 2140 534 2225 inveniat3
584 2141 734 2208 convenit
771 2153 880 2209 autem
924 2144 1060 2208 orationi
1105 2143 1256 2208 viridiori
1290 2163 1387 2227 quam

164 2244 307 2307 maxime
329 2244 448 2307 omissa
469 2244 660 2314 coniunctio.

208 2347 300 2409 Poen.
324 2346 387 2411 695

251 2448 377 2534 Edepol
400 2470 441 2514 ne
463 2449 521 2513 tibi
545 2450 623 2515 illud
646 2473 778 2536 possum
799 2451 950 2516 festivom
973 2451 1060 2529 dare,

251 2550 286 2617 Si
310 2552 441 2636 quidem
464 2563 553 2638 potes
577 2554 644 2638 pati
667 2576 737 2618 esse
760 2565 791 2618 te
814 2554 847 2618 in
869 2554 977 2639 lepido
999 2554 1079 2636 loco,

251 2654 292 2719 In
313 2655 396 2720 lecto
418 2655 526 2741 lepide
549 2665 675 2721 strato
699 2657 869 2742 lepidam
892 2657 1098 2723 mulierem

251 2757 464 2844 Oomplexum
487 2768 696 2825 contrectare.

166 2862 214 2926 sic
236 2861 279 2940 P3
301 2862 333 2927 A
358 2872 465 2928 autem
488 2863 572 2928 male
594 2863 816 2937 habetdeum,
839 2873 867 2926 et
889 2863 1023 2949 lepidam
1045 2862 1207 2925 mulierem.

252 2965 315 3030 His
339 2975 446 3031 autem
470 2965 573 3031 tribus
597 2966 675 3032 locis
698 2967 738 3031 ab
763 2963 911 3031 omnibus
939 2963 1051 3029 adhuc
1070 2962 1244 3028 editoribus
1268 2963 1387 3027 Palati-

166 3089 281 3133 narum
301 3069 461 3156 scriptura
477 3080 585 3157 spreta
602 3081 659 3149 est,
683 3071 775 3154 quasi
792 3067 957 3153 asyndetis
980 3067 1184 3152 grammatici
1199 3065 1304 3152 gavisi
1325 3065 1387 3129 sint

166 3171 286 3255 potius,
303 3193 400 3256 quam
420 3194 529 3237 eorum
545 3173 759 3238 tollendorum
774 3171 892 3236 fuerint
909 3172 1057 3250 studiosi3
1081 3194 1119 3236 ac
1134 3193 1237 3257 paene
1253 3169 1387 3246 mireris,

164 3273 251 3338 viros
275 3273 386 3338 doctos
408 3277 501 3339 Mero.
525 3274 587 3339 397

252 3375 394 3466 Lignum
419 3379 548 3458 caedat,
569 3401 706 3467 pensum
728 3377 841 3456 faciat,
865 3378 953 3441 aedis
975 3390 1099 3456 vomat,
1122 3375 1254 3465 vapulet

165 3488 252 3545 recte
274 3479 495 3548 Palatinorum
514 3482 707 3566 scripturam
721 3480 911 3566 praetulisse
925 3479 1023 3545 Nonii
1040 3478 1219 3544 testimonio
1235 3488 1336 3542 comat
1352 3499 1388 3542 ac

162 3585 292 3671 copulet.

211 3687 297 3751 Teuc.
321 3686 384 3751 259

250 3788 298 3853 A:
321 3789 429 3857 Salve.
445 3791 454 3876 ll
467 3798 517 3853 sat
531 3787 611 3852 mihi
627 3789 710 3874 estl)
728 3799 801 3852 tuae
816 3786 944 3852 salutis:
963 3784 1008 3848 nil
1025 3806 1148 3850 moror:
1166 3796 1226 3850 sat
1241 3785 1387 3853 salvs0.

250 3889 293 3956 P:
316 3891 424 3958 Salve.
443 3893 452 3979 ll
464 3892 542 3956 satis
558 3891 638 3954 mihi
650 3902 697 3955 est
708 3901 782 3956 tuae
796 3889 923 3954 salutis:
941 3887 987 3951 nil
998 3909 1119 3952 moror:
1136 3910 1209 3952 non
1226 3887 1386 3953 salveo'?

166 3994 356 4080 priusquam
380 3995 420 4060 de
442 3995 503 4060 loci
527 3994 723 4059 correctione
742 3992 962 4079 quaestionem
985 3991 1200 4068 instituamus,
1224 4012 1304 4075 opus
1318 3989 1387 4087 erit

171 4097 313 4163 virorum
357 4099 524 4164 doctorum
564 4096 763 4162 coniecturas
801 4095 877 4161 huic
915 4094 1024 4161 versui
1064 4094 1172 4158 illatas
1209 4113 1385 4158 recensere.

253 4272 274 4338 ¹)
289 4269 325 4324 In
342 4269 524 4325 Ambrosiam
547 4286 629 4322 usum
652 4285 718 4322 cave
736 4270 828 4322 vertas
847 4266 928 4319 Stich.
947 4266 1008 4319 154:
1033 4281 1153 4334 propera
1176 4275 1252 4334 atque
1274 4273 1387 4318 amatum

165 4358 223 4410 redi
240 4356 275 4421 A,
302 4372 422 4426 propera
446 4363 560 4408 actatum
589 4355 647 4408 redi
672 4352 710 4420 P,·
739 4352 792 4407 hoc
816 4351 890 4407 enim
914 4352 974 4406 loco
994 4361 1070 4421 atque
1087 4352 1152 4404 ante
1171 4357 1284 4402 actutum
1301 4349 1387 4404 inter·

164 4443 275 4511 ceptum
294 4443 343 4494 est.

246 4526 273 4596 12)
291 4524 448 4580 Sohocllius
462 4525 554 4596 praef.
577 4525 655 4578 Tmo.
673 4540 699 4592 p.
719 4521 795 4578 XIII
813 4523 876 4578 adn·
