3120 5138
855 326 896 393 66

772 420 975 430 —-—-

265 533 347 622 spici
367 555 432 599 non
455 541 590 619 poterat.
635 532 723 597 velut
744 543 851 618 potest
872 536 1017 599 recensio
1040 533 1125 598 facta
1140 557 1210 598 esse
1227 536 1320 598 Poen.
1336 534 1413 613 345,
1435 533 1488 600 ubi

263 638 297 701 in
319 637 348 701 P
370 646 433 701 est:

392 739 475 806 Sunt
498 739 577 804 mihi
599 739 686 804 intus
710 739 817 804 nescio
841 750 919 827 quot
940 740 1074 817 nummi,
1098 741 1187 805 aurei
1209 738 1413 825 lymphatici,

263 843 297 908 in
311 843 361 908 A:
384 842 468 910 Sunt
489 843 532 907 mi
556 842 664 907 nescio
685 853 764 926 quot
786 845 911 908 nummi
934 844 1023 909 aurei
1045 843 1247 931 lymphatici.

264 947 321 1011 sed
345 968 519 1030 quamnam
543 946 630 1010 dices
658 946 803 1010 mutandi
820 968 950 1011 causam
972 947 1081 1024 luisse,
1104 930 1256 1030 quoniam
1274 954 1490 1010 correctorem

263 1049 371 1114 hiatus
394 1047 574 1113 studiosum
597 1048 697 1112 fuisse
724 1048 853 1134 ineptus
882 1061 966 1113 esset
992 1050 1048 1133 qui
1078 1048 1300 1130 contenderet,
1317 1046 1489 1111 sententia

264 1163 371 1217 autem
393 1163 460 1216 tam
482 1151 580 1235 plana
602 1159 667 1233 est,
702 1162 737 1215 ut
759 1154 816 1215 vix
839 1152 1031 1238 expisceris,
1060 1152 1139 1236 quid
1168 1150 1341 1216 correctori
1375 1173 1488 1215 ansam

264 1254 398 1319 dederit.
442 1253 528 1318 idem
552 1253 639 1318 valet
663 1253 755 1320 dev.
780 1255 859 1318 601:
893 1254 947 1332 ,Et
978 1254 1109 1338 quidem
1139 1255 1232 1337 quasi
1259 1265 1295 1318 tu
1317 1252 1488 1318 nobiscum

264 1358 439 1422 adveniens
461 1356 557 1421 hodie
580 1358 733 1420 oraveris‘
755 1356 799 1440 P,
833 1357 867 1421 A
890 1358 1008 1421 omittit
1029 1358 1126 1434 lodie,
1150 1379 1214 1443 quo
1236 1355 1344 1420 hiatus
1367 1356 1487 1420 existit.

263 1483 359 1547 porro
385 1461 470 1524 Pers.
494 1458 556 1523 392
585 1460 722 1523 fortasse
749 1482 813 1524 non
841 1460 993 1525 mendum
1027 1459 1151 1524 scribae
1181 1470 1243 1542 est,
1278 1458 1367 1542 quod
1397 1459 1432 1523 in
1454 1459 1487 1522 A

263 1576 365 1628 metro
387 1562 478 1627 salvo
501 1572 591 1626 extat

416 1664 589 1730 Librdrum
612 1665 759 1730 eccillum
782 1666 886 1731 habed
904 1666 1037 1750 plenum
1059 1664 1150 1729 illum
1173 1664 1332 1740 sdracum,

264 1790 338 1833 cum
360 1768 389 1832 P
411 1767 581 1855 archetypi
604 1768 821 1855 corruptelam
842 1768 994 1854 religiose
1017 1766 1231 1832 servaverint:

416 1872 588 1936 Librorum
612 1871 761 1936 eccillum
783 1870 887 1935 habeo
910 1870 1040 1957 plenum
1064 1891 1223 1934 soracum.

264 1975 336 2058 quis
359 1985 467 2039 autem
495 1975 573 2038 certi
601 1973 778 2057 quidquam
801 1974 962 2038 affirmare
985 1972 1128 2038 audeat?
1156 1972 1272 2037 deinde
1295 1992 1491 2056 persuasum

263 2078 376 2159 habeo,
401 2079 469 2141 Mil.
485 2079 561 2163 plor.
577 2077 640 2141 365
655 2074 866 2141 Ambrosiani
877 2077 1064 2141 memoriam
1088 2076 1152 2153 ,hio
1167 2075 1246 2138 mihi
1269 2073 1351 2138 dixit
1374 2073 1411 2136 id
1437 2074 1492 2161 (id

264 2181 422 2266 incertum)
445 2202 544 2264 quae
562 2181 661 2243 dixi‘
686 2180 902 2244 adulterinam
925 2201 1006 2256 esse,
1029 2178 1085 2242 sed
1109 2178 1297 2265 priusquam
1323 2196 1365 2239 ex
1393 2175 1492 2239 Pala-

262 2284 404 2348 tinorum
430 2283 577 2369 apicibus
604 2283 746 2347 evidenti
769 2285 955 2346 coniectura
977 2304 1090 2347 verum
1123 2281 1290 2344 inventum
1317 2277 1395 2355 erit,
1426 2300 1492 2342 non

264 2387 369 2451 audeo
392 2387 525 2450 fidenter
547 2407 652 2450 meam
674 2385 863 2450 sententiam
887 2384 991 2449 edere.
1015 2395 1046 2448 et
1067 2384 1163 2447 huius
1186 2381 1272 2446 modi
1295 2380 1368 2446 alia.

833 2661 905 2742 §A

350 2795 390 2861 In
405 2796 602 2862 recensendo
617 2807 814 2860 correctores
829 2796 892 2861 hoc
908 2794 1056 2881 inprimis
1073 2794 1247 2871 studuisse,
1262 2804 1299 2857 ut
1314 2793 1490 2859 structuris

264 2912 296 2966 et
328 2901 440 2965 formis
478 2898 698 2987 grammaticis
739 2899 884 2984 ipsorum
918 2897 1117 2983 temporibus
1146 2898 1210 2962 iam
1245 2896 1396 2961 obsoletis
1434 2919 1490 2962 eas

263 3005 508 3081 substituerent,
537 3025 620 3087 quae
643 3025 753 3067 eorum
776 3003 890 3067 aetatis
919 3001 1144 3067 consuetudini
1172 2997 1426 3077 conveniebant,
1456 3000 1490 3064 in

264 3106 526 3172 antecedentibus
559 3105 735 3168 identidem
769 3105 891 3169 dictum
919 3116 951 3168 et
978 3104 1232 3168 demonstratum
1261 3113 1317 3168 est.
1366 3101 1427 3166 sed
1455 3102 1489 3166 in

264 3210 314 3274 his
337 3209 377 3272 de
398 3209 438 3272 iis
459 3218 585 3272 tantum
600 3209 679 3273 locis
697 3207 842 3292 exposui,
866 3207 982 3291 quibus
999 3220 1127 3292 praeter
1149 3205 1379 3292 grammaticas
1402 3205 1489 3271 alius

264 3334 393 3399 quoque
414 3312 542 3396 generis
558 3310 752 3375 mutationes
767 3309 1025 3373 observabantur
1039 3310 1092 3372 vel
1109 3331 1189 3392 quos
1205 3309 1286 3373 ratio
1302 3308 1489 3394 corrigendi

263 3425 442 3479 ceterorum
479 3413 696 3477 communioni
731 3412 872 3476 inserere
915 3411 1055 3477 iubebat.
1111 3424 1147 3477 ut
1180 3412 1308 3498 largum
1340 3411 1489 3476 locorum

264 3538 433 3582 numerum
450 3536 593 3579 seorsum
609 3535 694 3578 nunc
713 3526 857 3592 tractem,
879 3513 978 3578 idme
997 3515 1108 3592 movit,
1132 3514 1220 3601 quod
1238 3534 1334 3598 saepe
1349 3512 1489 3578 dubium

264 3630 322 3696 est,
343 3629 453 3683 utrum
475 3616 668 3680 mutationes
690 3638 777 3681 mere
799 3618 1030 3702 grammaticae
1059 3627 1226 3681 auctorum
1248 3616 1417 3702 utriusque
1442 3638 1491 3681 re·

264 3719 424 3786 censionis
447 3717 657 3783 deliberatum
681 3717 848 3782 consilium
878 3717 1050 3782 ostendant
1077 3741 1120 3781 an
1150 3719 1201 3782 vel
1229 3718 1490 3804 magistellorum

264 3822 444 3908 imperitiae
466 3821 519 3886 vel
541 3820 745 3885 librariorum
769 3821 932 3886 erroribus
954 3821 1140 3886 debeantur.
1184 3821 1274 3886 velut
1295 3822 1328 3884 in
1346 3831 1491 3906 utraque

264 3925 449 3991 recensione
471 3924 532 3988 hoc
550 3923 746 3988 diversitatis
768 3946 871 4010 genus
894 3924 972 3988 satis
995 3924 1059 3988 late
1077 3934 1174 4008 patet,
1197 3924 1284 4009 quod
1305 3923 1492 3990 continetur

264 4030 298 4093 in
328 4026 526 4113 temporibus
560 4037 591 4090 et
619 4026 721 4091 modis
753 4024 845 4090 verbi
873 4027 914 4090 ad
937 4029 1012 4090 trita
1035 4027 1113 4091 artis
1140 4027 1371 4115 grammaticae
1395 4051 1492 4114 prae·

266 4138 360 4215 cepta
388 4129 534 4206 mutatis3
567 4129 601 4192 in
634 4150 698 4216 quo
731 4142 780 4192 sat
808 4151 905 4215 saepe
939 4152 1143 4194 numerorum
1171 4151 1303 4214 prorsus
1331 4131 1493 4198 incuriosi

264 4235 394 4297 fuerunt
417 4241 622 4295 correctores.
666 4241 702 4295 ut
723 4231 872 4318 exempla
894 4254 1027 4316 ponam,
1049 4254 1133 4315 quae
1155 4232 1187 4295 in
1212 4231 1246 4295 A
1268 4231 1393 4297 rariora
1416 4256 1492 4302 esse

265 4344 515 4400 consentaneum
531 4346 587 4412 est,
610 4333 660 4397 his
676 4334 754 4398 locis
777 4335 808 4397 in
825 4335 859 4398 A
881 4335 1110 4399 mutationibus
1125 4335 1348 4421 grammaticis
1371 4359 1492 4406 versus

265 4439 420 4502 iacturam
444 4459 558 4524 passus
581 4447 643 4500 est:
668 4436 760 4501 Sticlr.
783 4437 845 4503 636
868 4436 912 4500 P:
940 4437 1058 4514 ,Viden
1079 4437 1297 4523 benignitates
1316 4438 1492 4510 hominum

265 4539 326 4629 [ut]
349 4541 473 4624 periere
501 4551 532 4604 et
555 4539 787 4627 prothynriae‘3
821 4539 869 4624 A,
893 4551 930 4604 ut
953 4542 1066 4606 modus
1089 4541 1399 4628 interrogationibus
1424 4547 1491 4613 usi-
