3120 5138
719 268 758 334 77

117 473 321 562 interpolatis
344 473 505 540 videlicet.
551 493 589 536 ea
611 494 688 536 vero
710 472 772 536 nisi
795 493 813 536 e
835 493 930 536 versu
952 471 1026 555 498,
1058 471 1185 560 dequo
1208 471 1344 558 agimus,

119 576 254 641 aliunde
277 575 446 641 arcessitos
469 597 534 639 non
556 596 625 639 esse
648 573 859 661 probabiliter
882 574 1016 661 colligas
1046 597 1086 639 ex
1108 575 1290 640 litterarum
1312 575 1346 639 in

118 681 154 744 A
187 678 427 768 deperditarum
462 678 585 764 spatiis,
619 677 653 741 in
675 699 757 764 quae
786 678 825 741 ab
854 701 903 742 ero
929 699 994 741 mco
1016 677 1134 763 optime
1169 678 1346 764 quadrant3

120 803 259 868 quorum
293 781 364 846 loco
390 782 424 845 in
452 779 623 866 Plegitur
651 804 670 842 a
692 801 757 844 meo
779 781 911 844 danico.
957 780 1059 844 altera
1082 779 1265 845 differentia
1287 791 1347 860 est,

120 884 209 971 quod
232 884 265 948 in
288 885 322 948 A
345 885 470 947 adlatae
491 884 576 958 mihi,
599 883 633 946 in
656 882 684 946 P
706 884 750 945 ad
769 905 817 946 mc
839 884 973 961 adlatae,
995 903 1033 946 ac
1057 883 1192 947 diversis
1215 884 1345 968 quidem

119 1009 235 1052 versus
257 986 346 1064 locis,
369 985 497 1072 legitur.
531 984 587 1051 ubi
610 986 643 1049 in
665 984 695 1050 P
716 993 877 1052 structura
899 984 1017 1051 Plauto
1045 986 1255 1051 usitatissima
1278 987 1345 1066 ,ad-

119 1090 207 1154 ferre
230 1088 412 1175 epistulam,
436 1088 586 1166 tabellas,
610 1090 681 1154 sim.
704 1087 752 1152 ad
775 1087 964 1172 aliquem‘
985 1088 1132 1154 restituta
1155 1099 1218 1167 est,
1248 1112 1346 1178 quam

120 1201 231 1256 tamen
247 1192 437 1257 correctoris
454 1192 658 1256 coniecturae
679 1189 790 1255 deberi
808 1191 962 1268 locorum,
986 1214 1066 1278 quos
1087 1209 1183 1257 antea
1198 1193 1346 1271 tractavi,

123 1294 323 1379 comparatio
347 1293 482 1372 evincit;
506 1294 661 1358 rariorem
684 1303 878 1359 structuram
906 1294 1044 1371 ‚adferre
1066 1293 1202 1361 tabellas
1226 1295 1344 1379 alicui‘,

120 1418 220 1481 quam
242 1399 277 1462 A
299 1397 442 1485 praebet,
466 1396 658 1461 confirmant
681 1419 706 1464 e.
729 1418 762 1482 g.
784 1397 869 1462 Pera.
891 1396 965 1473 461,
988 1418 1084 1484 quem
1115 1420 1215 1483 supra
1238 1399 1346 1477 citavi,

11 1564 14 1573 ,
123 1498 210 1565 oum
233 1498 306 1566 433.
338 1500 450 1566 Pseud.
474 1499 548 1567 373.
577 1501 691 1563 Bacch.
722 1500 793 1565 787.
821 1509 1021 1585 quapropter
1053 1498 1267 1585 improbanda
1299 1510 1348 1566 est

120 1602 289 1690 Spengelii
305 1604 397 1682 ratio,
420 1603 477 1687 qui
494 1605 537 1666 ad
550 1625 598 1666 mc
613 1603 647 1667 in
667 1601 918 1667 Ambrosianum
934 1602 1155 1668 recensionem
1172 1604 1346 1682 transtulit,

13 1774 17 1779 ,
120 1706 374 1793 Reformoorsclal.
398 1727 429 1792 p.
452 1705 515 1771 246
538 1705 624 1769 hunc
648 1725 777 1767 versum
800 1705 1013 1769 constituens:

207 1824 294 1891 Nam
310 1848 351 1890 ex
367 1825 481 1890 Persia
496 1837 572 1891 sunt
586 1825 686 1889 istaec
702 1823 830 1889 adlatae
851 1824 894 1887 ad
908 1846 961 1889 me
976 1823 1017 1888 db
1034 1846 1088 1888 ero
1103 1824 1197 1890 meo?
1219 1825 1233 1914 ΙΙ
1248 1849 1347 1914 quan-

734 1926 798 1993 do?
813 1925 827 2014 ΙΙ
841 1926 907 1990 had
930 1926 1052 1991 dudum

120 2053 321 2119 quamquam
343 2034 412 2096 sine
434 2031 501 2096 ulla
524 2030 700 2097 mutatione
723 2029 818 2094 edere
840 2039 965 2117 poterat
987 2028 1126 2107 ,adlatae
1148 2029 1192 2094 mi
1216 2029 1258 2094 ab
1281 2042 1348 2098 ero‘

10 2154 13 2167 ¹
121 2155 150 2200 e.
168 2154 199 2217 q.
221 2156 246 2202 s.
269 2133 357 2221 quod
385 2156 461 2199 vero
490 2135 603 2199 attinet
631 2133 673 2198 ad
702 2133 836 2199 alteram
864 2132 1094 2209 recensionem,
1124 2133 1218 2197 inetri
1240 2136 1346 2219 gratia

120 2235 202 2301 ordo
224 2237 398 2303 verborum
420 2237 508 2303 haud
530 2237 733 2302 mediocriter
754 2235 942 2300 immutatus
965 2245 1028 2313 est,
1052 2235 1079 2299 si
1103 2235 1232 2321 quidem
1254 2236 1347 2303 Pala-

121 2338 263 2404 tinorum
287 2361 417 2404 versum
439 2341 487 2405 sic
508 2351 595 2405 recte
618 2340 768 2405 emendo:

209 2456 297 2524 Nam
320 2483 362 2524 ex
386 2457 499 2524 Persia
525 2459 570 2522 ad
592 2481 643 2524 me
666 2458 794 2523 adlatae
822 2469 897 2523 sunt
923 2457 1005 2522 istae
1028 2480 1047 2522 a
1075 2447 1152 2523 med
1179 2459 1317 2530 domino.
1340 2461 1348 2548 ll

738 2559 892 2648 quando?
906 2560 914 2647 l
930 2560 996 2624 had
1011 2559 1144 2628 dudum.

125 2680 233 2747 delevi
255 2680 355 2767 igitur
376 2682 475 2758 modo,
498 2679 585 2768 quod
607 2679 800 2766 Spengelius
823 2703 886 2745 non
918 2680 1121 2759 sollicitavit,
1150 2704 1348 2772 quamquam

126 2783 199 2869 ipsa
222 2782 422 2867 subsequens
444 2783 653 2871 interrogatio
670 2781 813 2869 quoodo?
836 2783 1068 2850 dilucidissime
1085 2785 1292 2866 demonstrat,
1314 2787 1349 2851 in

125 2885 330 2952 antecedenti
360 2887 525 2951 enuntiato
552 2885 599 2949 illi
622 2883 720 2949 verbo
751 2886 860 2951 locum
885 2885 1011 2951 nullum
1039 2909 1124 2965 esse3
1158 2889 1245 2973 quod
1272 2912 1349 2974 quo

126 2988 222 3054 modo
257 2989 291 3054 in
325 3010 452 3053 versum
487 2987 657 3065 invaserit,
691 2988 725 3051 in
759 2988 929 3076 propatulo
952 3001 1017 3074 est3
1051 2990 1112 3055 fuit
1146 2991 1232 3056 enim
1253 2992 1348 3058 inter-

124 3090 313 3177 pretationis
338 3111 437 3155 causa
471 3090 513 3154 ad
535 3092 596 3154 lacu
619 3092 737 3166 dadum
770 3091 980 3178 adscriptum.
1024 3092 1078 3157 hic
1101 3115 1165 3158 non
1188 3095 1344 3182 omittam,
1403 3139 1406 3142 -

124 3215 226 3280 prope
258 3193 299 3258 ab
327 3194 388 3259 hoc
415 3194 501 3271 loco,
535 3216 631 3258 versu
666 3193 810 3259 eiusdem
837 3194 968 3259 fabulae
994 3195 1074 3273 495,
1109 3197 1141 3260 in
1174 3197 1203 3261 P
1237 3208 1348 3264 extare

124 3299 330 3384 scripturam,
353 3319 436 3385 quae
458 3297 596 3363 fortasse
617 3296 796 3362 recensioni
818 3295 990 3362 tribuenda
1012 3310 1075 3362 est:

168 3412 217 3481 A:
241 3415 331 3482 Bene
355 3417 449 3482 dictis
483 3418 545 3482 tuis
573 3417 654 3483 bene
685 3416 832 3505 [f]act[a]
861 3439 956 3482 aures
986 3439 1075 3482 meae
1103 3418 1261 3484 auxilium
1284 3442 1348 3486 ex-

737 3531 905 3606 poscunt

170 3621 213 3687 B:
1085 3622 1263 3690 benedictis

232 3741 312 3807 Tuis
336 3741 523 3808 benefacta
545 3764 639 3810 aures
662 3764 752 3807 meae
775 3743 933 3808 auxilium
956 3744 1230 3828 expostulant.

123 3846 334 3931 anapaestico
360 3868 526 3923 mensura,
563 3869 645 3933 quae
667 3846 742 3911 huic
770 3867 898 3929 quoque
927 3848 1035 3911 versui
1063 3846 1261 3913 vindicanda
1290 3858 1348 3925 est,

25 3983 30 3990 ·
124 3971 202 4014 cum
223 3948 433 4014 Ambrosiani
466 3960 592 4015 tantum
620 3949 780 4034 scriptura
808 3946 974 4013 conciliari
997 3958 1122 4033 potest3
1152 3961 1349 4038 quapropter

123 4051 367 4118 Studemundus
390 4054 428 4116 de
450 4064 528 4116 caat.
550 4053 655 4117 Plact.
677 4074 710 4136 p.
734 4051 754 4114 3
778 4051 835 4114 hos
859 4071 971 4114 versus
993 4050 1171 4137 discripsit:

211 4172 277 4237 494
297 4172 394 4238 Unde
423 4173 458 4237 tu
480 4173 663 4259 pergrande
691 4170 818 4237 lucrtlm
846 4170 962 4234 facias:
989 4171 1108 4235 faciam
1136 4172 1172 4235 dt
1200 4173 1263 4236 mei
1287 4193 1349 4235 me-

737 4273 878 4350 mineris,
901 4272 979 4337 ddm
1001 4275 1102 4338 vitam

211 4378 275 4443 495
298 4376 408 4445 Vivis.
431 4379 440 4464 ll
462 4377 639 4442 benedictis
661 4378 724 4442 tuis
748 4376 918 4442 benefacta
940 4398 1034 4441 aures
1068 4399 1157 4441 meae
1188 4377 1346 4442 auxilium

739 4489 927 4564 exposcunt.
