3120 5138
756 260 795 324 52

170 476 305 550 apparet
333 475 498 530 auctorem
529 466 725 530 recensionis
746 465 1000 540 Ambrosianus,
1024 472 1060 526 ut
1085 485 1213 528 versum
1236 463 1390 551 expleret,

161 593 253 655 posco
275 582 327 632 aut
350 570 389 633 de
411 591 469 632 suo
493 568 669 646 addidisae3
698 568 783 632 idem
808 591 882 633 cum
912 569 945 631 in
973 569 1026 651 epo
1054 566 1107 629 dds
1134 565 1299 644 haereret,
1330 589 1390 651 epo,

168 672 255 759 quod
274 672 308 735 in
338 671 551 735 Pservatum
581 673 720 735 sermoni
743 671 895 734 Plautino
923 669 1043 753 optime
1073 668 1232 748 convenit,
1261 667 1390 733 delevit

253 773 368 858 Neque
397 775 503 837 minus
525 796 642 860 graves
672 773 783 837 turbas
806 774 836 836 A
858 794 955 835 versu
983 771 1166 855 insequenti
1194 793 1312 858 passus
1336 781 1390 837 est.

210 892 259 956 A:
284 891 415 956 Utinam
438 893 534 957 item
556 915 575 956 a
598 893 757 978 principio
779 892 825 955 rei
848 889 1099 976 pepercisses
1122 911 1212 954 meae

288 994 331 1060 Ut
353 1017 439 1058 nune
462 995 604 1082 repereis
627 994 735 1062 saviis.

208 1097 252 1161 P:
280 1096 414 1162 Utinam
437 1121 456 1161 a
478 1097 637 1184 principio
660 1096 707 1162 rei
728 1098 822 1160 item
844 1095 1049 1180 parsisses
1072 1118 1163 1161 meae

282 1199 327 1265 Ut
349 1222 434 1264 nuno
458 1199 600 1284 reparcis
623 1199 731 1264 saviis.
892 1212 896 1217 “

168 1301 341 1366 Abraham
365 1325 395 1387 p.
414 1300 477 1366 214
493 1300 657 1383 Palatinos
681 1299 722 1364 ab
744 1301 831 1364 omni
854 1312 945 1384 parte
966 1299 1082 1386 probat
1103 1299 1201 1383 idque
1224 1322 1284 1364 suo
1307 1300 1391 1382 iure3

169 1428 245 1469 nam
268 1426 342 1468 eum
364 1402 502 1469 Plautus
526 1427 545 1468 a
568 1403 666 1468 verbo
695 1403 849 1489 parcendi
877 1402 998 1486 ubique
1027 1404 1204 1489 perfectum
1228 1405 1322 1488 parsi
1343 1404 1393 1467 de·

169 1510 252 1573 rivet
261 1509 299 1591 l),
320 1507 525 1571 manifestum
538 1517 595 1585 est,
613 1507 647 1571 in
660 1506 687 1570 A
701 1529 759 1592 pro
776 1507 958 1590 antiquiore
970 1508 1074 1570 forma
1090 1506 1257 1592 vulgarem
1270 1505 1395 1570 illatam

172 1632 257 1687 esse3
280 1633 344 1675 non
366 1609 465 1695 igitur
487 1610 605 1674 rationi
632 1608 859 1673 convenienter
880 1608 1074 1695 Spengelius
1103 1618 1134 1672 et
1156 1608 1340 1674 Schoellius
1363 1608 1397 1672 in

173 1713 356 1778 adulterina
377 1713 481 1776 forma
503 1713 603 1776 latere
624 1715 794 1798 repersisses
815 1722 965 1796 putantes
989 1710 1189 1795 scripserunt

378 1814 508 1880 Utinam
531 1839 550 1880 a
573 1815 733 1901 principio
755 1815 802 1879 rei
825 1814 1015 1901 repersisses
1037 1834 1137 1879 meae.

170 1928 338 2002 praeterea
364 1919 451 2002 quod
491 1918 625 1983 verbum
656 1917 846 2004 repercendi
884 1916 1066 2001 insequenti
1096 1938 1192 1981 versu
1226 1916 1397 2002 repetitur,

170 2042 221 2084 me
238 2020 368 2106 quidem
401 2021 506 2085 iudice
535 2022 740 2086 coniecturae
771 2019 867 2083 fidem
897 2040 962 2082 non
994 2029 1063 2082 tam
1089 2018 1266 2095 confirmat,
1296 2041 1398 2104 quam

170 2122 327 2207 infringit.
353 2124 414 2187 hoo
430 2135 538 2188 autem
550 2123 583 2186 in
600 2122 704 2186 medio
719 2120 965 2205 relinquendum
982 2134 1041 2196 est,
1056 2132 1164 2184 utrum
1181 2129 1398 2184 correctorem

169 2225 272 2288 forma
294 2229 473 2311 pepercisses
505 2225 597 2289 illata
627 2226 774 2291 voculam
805 2227 876 2287 item
903 2223 996 2287 metri
1023 2223 1128 2310 gratia
1158 2223 1399 2308 transposuisse

170 2339 330 2414 putemus,
355 2336 390 2391 ut
412 2327 465 2391 hie
488 2327 517 2391 ei
540 2349 651 2391 versus
675 2325 865 2392 tribuendus
887 2325 943 2390 sit:

356 2445 485 2511 Utinam
508 2447 584 2510 item
605 2446 626 2505 ἔ
650 2445 808 2533 principio
830 2447 878 2510 rel
899 2444 1098 2533 pepercisses
1121 2466 1211 2509 meae

170 2587 213 2596 -
234 2549 319 2636 quod
337 2549 409 2613 ideo
431 2572 547 2634 parum
572 2547 804 2636 probabilitatis
828 2548 939 2636 habets,
964 2548 1051 2636 quod
1073 2570 1168 2612 versu
1191 2545 1399 2611 antecedenti

171 2652 204 2713 in
228 2673 281 2735 epo
303 2651 357 2714 aba
379 2650 551 2716 offendisse
575 2664 785 2718 correctorem
810 2652 951 2716 diximus
976 2690 1015 2701 —
1039 2673 1081 2715 an
1104 2650 1203 2736 inepti
1226 2649 1400 2715 cuiusdam

172 2754 376 2839 grammatici
400 2778 498 2819 manu
521 2755 631 2820 turbas
647 2767 739 2821 natas
762 2777 831 2820 esse
855 2755 1035 2820 credamus.

256 2855 445 2921 Transimus
485 2857 527 2922 ad
562 2880 692 2923 versum
728 2858 873 2944 inprimis
902 2856 1159 2934 memorabilem,
1199 2854 1255 2920 ubi
1289 2857 1399 2940 primo

172 2959 284 3024 obtutu
308 2960 364 3023 vix
387 2962 559 3046 quisquam
574 2961 786 3026 Ambrosiani
802 2962 1035 3049 praestantiam
1059 2983 1122 3024 non
1141 2959 1262 3037 laudet,
1278 2959 1401 3040 acriter

172 3084 249 3126 vero
286 3063 485 3128 intuentibus
521 3063 662 3129 Palatini
702 3064 796 3128 unice
834 3062 1020 3148 probantur.
1079 3063 1177 3149 Epid
1212 3061 1273 3125 165
1315 3061 1401 3124 Am-

171 3164 350 3241 brosianus,
374 3165 428 3250 qui
453 3167 588 3230 Goetzio
611 3189 740 3251 quoque
763 3166 930 3250 imposuit,
954 3166 1033 3230 haec
1056 3164 1166 3230 habet:

256 3265 309 3331 Ne
332 3267 424 3332 hine
446 3270 533 3332 foras
557 3268 786 3334 exambulet
808 3290 889 3332 neve
913 3269 1043 3334 obviam
1066 3267 1173 3331 veniat
1196 3267 1275 3330 seni.

172 3369 212 3433 de
238 3391 301 3453 quo
331 3370 501 3435 audiamus
523 3370 717 3454 Langenum
744 3394 775 3457 p.
800 3371 862 3438 205
884 3371 930 3434 ita
952 3371 1183 3456 disputantem:
1206 3368 1280 3447 ,Die
1302 3366 1400 3433 Com-

108 3522 111 3529 .
172 3473 278 3558 posita
301 3493 364 3536 von
381 3471 559 3548 ambulare,
582 3474 702 3537 welche
726 3472 777 3537 bei
793 3472 930 3539 Plautus
955 3473 1175 3550 vorkommen,
1199 3470 1401 3536 bezeichnen

174 3575 264 3639 nicht
294 3574 346 3640 die
368 3575 558 3662 Bewegung
581 3599 643 3639 von
668 3577 770 3641 einem
794 3574 873 3641 Orte
896 3599 967 3661 weg
994 3599 1034 3639 zu
1056 3576 1162 3640 einem
1184 3574 1306 3639 andern
1328 3575 1400 3652 hin,

176 3678 315 3741 sondern
344 3701 406 3742 nur
433 3678 504 3742 eine
535 3677 721 3765 Bewegung
748 3677 918 3743 innerhalb
948 3678 1034 3742 eines
1062 3677 1206 3742 Raumes
1234 3676 1305 3760 ,auf
1328 3676 1400 3740 und

173 3779 342 3865 abgehen.‘
380 3779 489 3864 itaque
503 3780 563 3844 hoc
580 3781 651 3844 loco
667 3778 765 3845 verbo
785 3778 1015 3845 exambulandi
1035 3779 1227 3865 significatio
1241 3801 1260 3842 a
1276 3777 1398 3843 Plauto

174 3881 280 3945 aliena
300 3881 491 3966 imponitur3
508 3883 633 3946 accedit
652 3882 755 3967 aliud3
774 3882 881 3969 pergit
893 3883 979 3947 enim
996 3881 1189 3969 Langenus:
1205 3881 1292 3963 ,hinc
1308 3881 1400 3946 lrann

173 3984 358 4068 unmdglioh
372 3984 492 4070 riehtig
504 3984 581 4049 sein.
605 3984 762 4068 Epidicus
776 3985 898 4069 spricht
915 3985 968 4049 die
980 3984 1094 4050 Worte
1107 4006 1165 4049 vor
1181 3983 1254 4047 dem
1270 3981 1399 4061 Hause,

173 4109 208 4150 er
226 4087 290 4151 will
316 4087 377 4151 den
400 4089 527 4174 jungen
549 4086 648 4151 Manu
679 4109 816 4164 namen,
844 4087 935 4151 nicht
961 4110 1019 4152 aus
1039 4087 1112 4152 dem
1132 4087 1245 4151 Hause
1263 4087 1322 4150 auf
1344 4087 1400 4153 die

174 4189 302 4256 Strasse
315 4214 354 4254 au
367 4190 530 4273 hommen,
546 4189 615 4255 also
631 4211 765 4254 mussas
781 4189 992 4275 nothwendig
1004 4190 1059 4253 lac
1076 4190 1162 4272 foros
1175 4189 1302 4253 heissen
1318 4188 1348 4258 d.
1366 4190 1401 4260 h.

176 4313 210 4355 er
223 4292 377 4357 sollnicht
390 4292 489 4356 dahin
501 4293 660 4370 hommem
670 4289 1064 4376 u'oEpidicussiohselbst
1075 4289 1402 4379 augenbliolrlichbe-

174 4430 374 4440 ——n———...-...

261 4480 282 4548 ¹)
295 4478 375 4532 Unus
393 4484 532 4548 repugnat
549 4498 575 4533 v.
588 4480 648 4533 Aul.
666 4480 725 4545 321,
744 4479 792 4533 ubi
805 4479 949 4533 Abraham
960 4481 979 4534 l.
994 4497 1017 4533 o.
1035 4481 1121 4533 nisisi
1136 4481 1256 4549 porteris
1267 4479 1401 4536 coniecit.
