3120 5138
693 379 894 481 ..sr-
1314 421 1334 463 κ

181 578 376 670 Periphanis
403 580 536 648 fidicina
564 606 584 647 a
612 585 716 651 servis
745 584 893 651 educitur
921 585 1080 672 militique
1114 609 1144 650 V.
1167 585 1231 653 475
1265 588 1404 655 traditur

179 681 290 748 verbis
316 683 403 771 ,Age
431 685 543 772 accipe
571 685 656 751 hanc
683 687 749 752 sis‘.
793 689 847 753 cui
875 688 983 753 versui
1017 688 1072 774 qui
1106 689 1138 754 in
1168 690 1197 754 A
1230 693 1402 770 antecedit,

178 785 375 874 scripturam
396 806 460 850 non
483 789 632 869 continet,
656 788 691 853 id
713 789 800 875 quod
817 788 1011 876 Spengelius
1035 813 1138 856 novae
1160 815 1296 859 scaenae
1319 794 1402 860 indi·

178 887 267 954 cium
290 912 361 954 esse
383 899 470 954 recte
494 890 591 972 vidit3
626 891 661 955 in
684 890 709 955 P
732 914 817 958 nova
839 915 956 957 scaena
980 891 1052 959 ideo
1075 895 1221 960 instituta
1243 919 1306 962 non
1332 919 1402 962 essa

178 988 324 1069 videtur,
360 991 446 1078 quod
481 990 612 1056 fidicina
640 993 742 1058 verba
769 1017 833 1060 non
861 996 953 1077 facit,
988 997 1046 1060 sed
1075 1020 1175 1086 usque
1208 999 1251 1063 ad
1278 1024 1309 1064 v.
1337 999 1402 1064 496

177 1102 288 1157 mutae
311 1114 468 1179 personae
491 1104 599 1178 partes
621 1093 697 1179 agit.

267 1194 415 1282 Denique
431 1196 464 1260 in
480 1196 569 1261 Most.
584 1196 615 1263 V
630 1203 656 1278 1,
675 1197 715 1261 16
730 1199 775 1283 (v.
793 1199 890 1285 1064)
910 1211 982 1287 post
1001 1199 1172 1265 Tranionis
1196 1201 1400 1288 monologum

177 1298 208 1360 A
224 1308 311 1362 recte
327 1320 444 1363 novam
460 1320 610 1364 scaenam
632 1301 777 1382 instituit,
801 1324 875 1365 cum
890 1298 1133 1388 Theopropides
1156 1302 1397 1389 progrediatur3

176 1421 277 1487 quam
298 1399 327 1465 P
349 1422 520 1490 perperam
548 1401 717 1487 monologo
745 1405 933 1468 continuant
956 1404 1138 1469 nominibus
1161 1403 1397 1492 Theopropidir

176 1514 209 1567 et
232 1501 421 1569 lorariorum
444 1505 554 1570 versui
576 1503 609 1572 V
630 1507 660 1588 5,
688 1507 704 1568 l
728 1505 841 1592 (1041)
863 1508 1081 1593 praescriptis.

263 1606 335 1672 Iam
357 1607 536 1695 paullulum
559 1607 786 1686 subsistamus,
817 1619 850 1672 ut
872 1607 950 1693 quid
979 1631 1021 1670 ex
1050 1620 1159 1673 nostra
1182 1609 1397 1697 disputatione

175 1709 219 1774 ad
235 1733 303 1776 rem
318 1711 550 1777 redundaverit
573 1711 664 1776 brevi
688 1710 1006 1799 comprehendamus.
1051 1712 1191 1776 vidimus
1208 1714 1306 1798 igitur
1322 1715 1397 1777 Am·

175 1813 363 1879 braciarium
379 1836 489 1880 carere
505 1826 656 1898 quattuor
671 1814 872 1899 gravissimis
895 1814 1096 1890 testimoniis,
1119 1814 1236 1898 quibus
1259 1816 1396 1879 servatis

176 1913 318 1980 Palatini
346 1916 399 1980 cui
427 1917 525 1981 aetati
552 1916 730 1981 communis
758 1916 965 1981 Ambrosiaui
988 1928 1020 1979 et
1041 1914 1263 1981 Palatinorum
1285 1918 1396 1983 arche

173 2015 273 2106 typus
287 2018 510 2104 adsignandus
533 2020 575 2084 sit
597 2018 828 2085 dilucidissime
850 2017 1086 2082 demonstrant:
1111 2017 1227 2082 etenim
1249 2018 1397 2085 sublatae

173 2123 304 2187 suntin
327 2121 382 2187 illo
404 2121 529 2188 litterae
552 2123 633 2187 istae
656 2123 819 2206 Graecae,
848 2119 966 2208 quibus
989 2122 1129 2207 partium
1158 2121 1240 2185 inter
1269 2136 1396 2188 actores

173 2224 358 2292 distributio
380 2225 532 2292 definitur
540 2227 576 2312 ¹),
600 2225 746 2294 sublatae
768 2236 842 2291 sunt
863 2224 939 2289 illae
962 2235 1057 2288 notae
1081 2225 1107 2289 0
1130 2238 1161 2288 et
1177 2224 1253 2308 DV,
1277 2226 1395 2312 quibus

172 2327 217 2392 ad
232 2327 416 2394 fabularum
432 2330 573 2395 actiones
589 2331 650 2394 rite
662 2328 875 2395 instituendas
887 2349 969 2414 opus
981 2338 1066 2404 erat3
1082 2349 1220 2411 quocum
1233 2329 1396 2392 artissime

176 2429 330 2497 cohaeret
353 2431 441 2518 quod
463 2433 496 2497 in
520 2455 558 2497 eo
581 2430 707 2498 deletae
729 2443 803 2497 sunt
825 2451 936 2494 omnes
958 2450 1148 2494 scaenarum
1165 2429 1396 2508 distinctiones,

173 2558 311 2620 quarum
328 2541 412 2602 ratio
428 2560 468 2603 ac
479 2559 577 2603 causa
593 2559 657 2602 non
673 2537 814 2603 externis
831 2533 1023 2621 quibusdam
1036 2532 1164 2598 iudiciis
1180 2538 1395 2617 cognoscitur,

175 2639 235 2706 sed
252 2641 285 2705 in
300 2644 432 2706 mutatis
450 2641 681 2728 pronuntiandi
695 2654 728 2707 et
744 2637 897 2707 cantandi
911 2637 1015 2702 modis
1031 2634 1162 2701 condita
1177 2648 1233 2703 est.
1264 2636 1393 2702 demum

172 2741 300 2809 sublata
327 2754 376 2809 est
403 2744 459 2809 illa
486 2744 650 2810 titulorum
680 2745 792 2827 forma,
821 2762 905 2825 quae
934 2738 1135 2825 antiquitatis
1156 2740 1289 2826 propria
1311 2750 1389 2823 erat,

171 2846 305 2939 eiusque
327 2849 361 2912 in
384 2848 489 2915 locum
513 2850 641 2913 novicia
663 2846 823 2914 concessit
844 2867 906 2910 non
937 2845 1006 2908 sine
1028 2842 1270 2907 violentissimis
1299 2865 1393 2908 cona·

171 2951 311 3016 minibus
338 2951 481 3017 inducta.
519 2973 603 3038 quae
631 2955 739 3018 omnia
767 2952 794 3018 si
822 2947 1060 3036 computaveris
1083 2960 1114 3011 at
1135 2945 1323 3011 recordatus
1347 2945 1391 3010 sis

170 3041 318 3136 quotiens
333 3053 542 3120 Ambrosiani
557 3079 670 3123 versus
686 3057 866 3143 elegantiae
888 3049 1126 3140 iraudulentum
1148 3049 1287 3136 speciem
1310 3069 1391 3136 prae

169 3178 204 3218 se
227 3157 343 3239 ferant,
371 3179 449 3244 prae
477 3180 543 3241 qua
565 3158 785 3225 Palatinorum
817 3179 925 3224 veram
949 3168 1046 3242 atque
1075 3155 1240 3239 antiquam
1270 3153 1326 3217 sed
1356 3174 1390 3216 a·

168 3261 345 3347 speriorem
368 3261 615 3348 diligentissima
637 3263 766 3331 demum
789 3264 829 3328 de
849 3261 958 3326 Plauti
974 3282 1034 3324 usu
1051 3258 1181 3323 dicendi
1203 3259 1391 3343 quaestione

168 3363 281 3430 habita
309 3365 477 3432 vindicare
505 3370 654 3454 contigit:
696 3391 800 3456 paene
829 3365 966 3445 dixeris,
996 3374 1161 3426 auctorem
1191 3361 1389 3426 recensionis

167 3468 403 3536 Ambrosianae
425 3472 556 3535 remotis
580 3473 738 3550 omnibus,
764 3493 848 3557 quae
872 3470 914 3534 ad
937 3468 1120 3533 scaenicum
1144 3467 1304 3531 actionem
1321 3487 1389 3552 per·

167 3571 323 3656 tinebant,
341 3573 375 3637 id
391 3596 491 3641 unum
506 3577 621 3660 egisse,
639 3588 674 3640 ut
688 3580 781 3661 quasi
796 3576 829 3639 in
850 3596 941 3640 usum
965 3571 1199 3659 elegantiorum
1223 3570 1388 3635 hominum

165 3673 274 3740 Plauti
296 3674 477 3742 fabularum
502 3692 705 3765 compararet
728 3679 894 3767 exemplar
916 3676 1155 3765 adlegandum
1185 3697 1283 3760 quam
1307 3697 1389 3739 com·

165 3776 399 3845 modissimum.

253 3880 349 3962 Quod
379 3906 455 3949 vero
483 3884 526 3950 sd
557 3897 681 3952 textum
711 3899 745 3952 ut
772 3888 872 3954 verbo
902 3899 973 3953 utar
997 3885 1104 3950 Plauti
1127 3881 1386 3949 constituendum

164 3986 315 4074 pertinet,
339 4008 398 4052 nec
419 3989 654 4055 Ambrosianus
677 4014 738 4056 nec
762 3991 928 4057 Palatinae
949 3990 1146 4057 recensionis
1169 3997 1282 4054 auctor
1304 3987 1388 4052 hano

165 4111 298 4177 operam
325 4113 452 4156 omnem
480 4115 539 4158 suo
566 4094 671 4160 Marte
694 4108 919 4183 susceperunt,
948 4097 1005 4161 sed
1028 4095 1108 4160 alios
1131 4114 1259 4179 quoque
1281 4093 1386 4156 fontes

163 4192 324 4273 adierunt,
347 4196 460 4280 quales
483 4198 529 4262 cis
553 4209 682 4285 praesto
705 4210 799 4264 erant
821 4203 853 4265 in
876 4201 948 4266 aliis
975 4201 1166 4266 histrionum
1196 4197 1386 4282 exemplari·

165 4296 256 4388 bus„
281 4299 445 4384 ingentem
466 4303 552 4367 euim
575 4325 685 4368 earum
708 4306 741 4368 in
765 4319 900 4397 utraque
923 4307 1109 4372 recensione
1132 4303 1387 4368 differentiarum

252 4547 332 4615 1)61.
360 4546 467 4602 Stellam
494 4551 526 4603 de
553 4558 635 4604 octor.
659 4550 717 4620 fab.
748 4551 806 4605 Ter.
836 4567 862 4618 p.
890 4549 945 4602 116.
983 4547 1026 4600 W.
1046 4545 1171 4614 Wagner
1200 4544 1230 4595 in
1255 4541 1387 4594 Bursiani

162 4634 310 4688 Jotrcsber.
329 4632 345 4688 I
364 4636 495 4704 (187316.
514 4637 566 4690 446
584 4652 641 4704 sqq.
