3120 5138
752 262 794 326 10

669 352 867 360 ——--—--—

159 466 249 530 ma
272 464 335 528 412
358 487 405 552 sq.

361 566 484 635 Verum
508 567 541 632 id
564 567 781 645 videndumst,
804 567 846 632 id
869 568 946 632 viri
968 568 1120 634 doctist
1145 593 1242 659 opus

362 669 455 754 Quae
477 669 647 758 designato
669 670 733 735 sint
755 680 787 736 et
808 671 895 735 facta
916 672 1063 756 nequiter

359 770 548 855 Tranquillo
570 782 686 839 cuncta
707 785 743 839 ut
764 783 943 859 provenant
970 779 1002 840 et
1023 775 1091 841 sine
1114 777 1207 841 malo.

157 894 231 940 cum
256 874 348 942 Stich.
372 873 450 939 292:

360 975 459 1044 Nunc
493 976 578 1042 ultro
604 977 638 1042 id
664 976 847 1064 deportem:
880 979 946 1045 hau
973 979 1087 1067 placet,
1108 984 1217 1064 ‘neque
1238 981 1281 1046 id
1303 981 1383 1047 viri

769 1081 950 1148 officium
972 1084 1159 1151 arbitror.

157 1211 188 1264 at
218 1221 258 1264 ne
287 1201 320 1264 in
342 1221 380 1264 eo
409 1199 541 1284 quidem
563 1221 695 1285 possum
711 1199 843 1267 Loewio
871 1202 1076 1288 adstipulari,
1099 1203 1186 1288 quod
1210 1203 1288 1270 dicit
1309 1228 1383 1292 opas

157 1314 190 1366 ut
212 1303 348 1367 fortasse
370 1323 459 1367 mera
485 1304 668 1388 corruptela
690 1325 731 1368 ex
755 1305 859 1394 officia
885 1316 996 1369 natum
1025 1328 1104 1371 esse.
1154 1306 1245 1371 cuius
1272 1307 1384 1394 opinio

161 1418 196 1472 ut
217 1416 352 1472 externa
373 1407 480 1493 specie
502 1407 632 1471 minime
656 1407 842 1486 adiuvatur,
865 1409 912 1472 ita
933 1408 1001 1473 eius
1027 1407 1237 1495 probabilitas
1265 1432 1304 1475 eo
1326 1411 1382 1475 im-

158 1509 324 1588 minuitur,
348 1509 435 1596 quod
456 1509 545 1574 haud
567 1510 613 1574 ita
635 1532 708 1575 raro
729 1510 764 1575 A
786 1523 818 1575 et
839 1511 869 1577 P
896 1511 980 1575 inter
1003 1534 1037 1576 se
1059 1511 1106 1576 ita
1127 1510 1323 1597 discrepant,
1347 1525 1382 1577 ut

157 1613 193 1676 in
207 1611 309 1678 altera
331 1612 516 1679 recensione
540 1611 605 1678 duo
628 1613 795 1678 enuntiata
817 1611 1041 1692 incrementis
1062 1614 1314 1701 coniungantur,
1348 1616 1382 1681 in

158 1714 259 1780 altera
291 1716 539 1802 παρατακτικῶς
562 1727 738 1802 ponantur,
761 1715 795 1780 id
823 1715 909 1803 quod
933 1727 1000 1780 tum
1024 1715 1247 1782 maximenon
1271 1718 1381 1783 venire

157 1817 294 1896 videbis,
313 1839 385 1884 curn
400 1818 435 1882 in
457 1817 558 1882 altera
572 1818 733 1883 sententia
748 1817 972 1883 coniunctivae
990 1819 1131 1885 iussivus
1145 1819 1196 1884 vel
1216 1820 1381 1905 optativus

158 1920 264 1986 locum
287 1921 402 1999 habet,
425 1934 461 1985 ut
483 1920 576 1986 Stiolr.
592 1920 656 1986 299

199 2041 246 2104 A:
270 2022 402 2106 Siehoc
418 2039 548 2105 videtur
570 2039 649 2105 milri
665 2041 769 2127 magis
792 2062 863 2105 meo
886 2039 1057 2105 convenire
1080 2041 1209 2105 nuntio:

206 2178 209 2183 ·
249 2142 437 2209 Advorsum
461 2141 578 2220 veniat,
602 2141 797 2207 obsecrate.
820 2164 852 2226 q.
875 2164 900 2206 s.

199 2244 243 2311 P:
268 2245 322 2310 Sic
344 2245 405 2309 hoo
429 2291 437 2308 .
461 2291 468 2307 .
493 2292 500 2308 .
525 2245 650 2322 nuntio,
672 2244 860 2310 Advorsum
881 2253 923 2310 ut
944 2245 1071 2322 veniat,
1094 2243 1240 2309 obsecret
1262 2266 1289 2310 e.
1305 2267 1337 2329 q.
1356 2268 1380 2310 s.

233 2349 325 2416 Mero.
348 2347 412 2412 488
444 2347 493 2412 Ar
522 2347 683 2412 Achillem
705 2345 814 2423 orabo,
838 2369 953 2412 aurum
974 2359 1015 2410 ut
1036 2344 1116 2410 mihi
1138 2345 1192 2412 det

443 2448 489 2513 P:
514 2449 674 2514 Achillem
697 2449 805 2529 orabo,
828 2472 944 2517 aurum
967 2448 1047 2514 mibi
1069 2448 1122 2515 det

244 2550 336 2616 Stich.
359 2550 424 2616 594
886 2551 992 2618 Immo
1014 2574 1114 2618 unum
1136 2552 1197 2618 hoc
1219 2562 1342 2639 potest:

326 2684 328 2687 ·
447 2654 496 2719 A:
526 2651 629 2722 Gau.
663 2651 774 2738 Quid?
806 2654 875 2719 ΕΡ.
904 2653 971 2721 Ubi
993 2654 1148 2720 convivae
1169 2654 1317 2733 abierint,
1341 2667 1382 2720 ut

386 2810 391 2819 ,
768 2768 837 2821 tum
852 2759 936 2845 (tum
953 2769 989 2822 ut
1011 2758 1204 2844 Rimclrelius)
1228 2758 1339 2823 venias

453 2859 499 2926 P:
523 2858 757 2945 55555159
784 2858 852 2925 ΕΡ.
876 2857 943 2925 Ubi
960 2859 1116 2924 convivae
1137 2858 1290 2937 abierint,
1314 2871 1382 2924 tum

768 2983 880 3028 vemas
939 3009 941 3015 .

217 3064 329 3127 Pseud.
348 3064 409 3128 153
438 3064 501 3129 A1=
522 3065 597 3130 Hoc
620 3063 771 3129 videas:
795 3064 875 3128 alias
898 3085 949 3128 res
972 3074 1075 3150 agunt

453 3166 496 3234 P:
519 3166 593 3232 Hoc
618 3166 710 3233 vide
732 3167 804 3245 ais,
827 3177 870 3231 ut
887 3167 968 3231 alias
989 3187 1041 3230 res
1063 3175 1165 3251 agunt

159 3281 199 3346 de
232 3305 296 3368 quo
327 3285 401 3349 loco
435 3284 508 3350 vide
540 3309 623 3374 quae
656 3287 741 3353 infra
775 3286 947 3365 disseram3
982 3285 1095 3351 eadem
1120 3267 1303 3350 differentia
1330 3306 1380 3351 me

158 3384 263 3450 indice
291 3386 461 3453 intercedit
495 3389 576 3454 Tria.
600 3389 672 3454 749.
697 3389 775 3468 750,
811 3411 907 3477 quem
935 3390 1041 3456 locum
1074 3388 1232 3475 peculiari
1255 3411 1381 3454 enarra·

159 3487 243 3552 tione
265 3488 483 3577 illustrab0¹).
535 3491 611 3579 quin
636 3493 732 3557 etiam
755 3492 839 3557 inter
852 3491 1023 3557 Palatinae
1040 3491 1235 3558 recensionis
1253 3492 1381 3558 codices

158 3590 240 3656 haec
263 3591 443 3659 differentia
470 3605 559 3660 extat
587 3595 656 3659 Mil.
678 3595 754 3679 plor.
780 3593 862 3658 1275

176 3702 179 3707 ’
202 3693 247 3759 B:
271 3693 370 3784 [Quid
392 3696 459 3763 volt
481 3719 532 3762 me
552 3697 659 3762 facere
680 3696 777 3787 istal]
811 3697 866 3763 Ad
889 3697 946 3763 sed
969 3719 1024 3762 eas

202 3796 278 3864 OD:
555 3870 559 3879 ,
800 3801 853 3866 Ad
875 3822 909 3866 se
931 3811 968 3866 ut
989 3820 1052 3867 eas.

161 3918 309 4008 Denique
331 3931 468 4009 utraque
490 3921 586 3986 lectio
608 3918 686 3985 inP
708 3919 879 3985 coniuncta
901 3941 971 3985 esse
994 3917 1122 3985 videtur
1144 3919 1255 3983 Peard.
1280 3919 1359 3983 191:
1380 3994 1382 3997 ⁸

251 4021 319 4088 Fac
356 4026 399 4089 sls
433 4024 474 4089 sit
507 4023 649 4090 delatum
686 4022 750 4087 huc
774 4021 852 4087 mihi
884 4024 1095 4100 frumentum,
1132 4021 1220 4086 huno
1259 4043 1379 4087 annum

770 4123 858 4207 quod
881 4123 959 4188 satis

160 4230 304 4241 ------
310 4233 361 4239 -..-

248 4310 269 4378 ι)
286 4310 360 4364 Casu
376 4310 445 4365 haec
462 4310 653 4380 discrepantia
670 4315 769 4365 exorta
785 4325 845 4364 esse
863 4308 975 4363 videtur
996 4309 1069 4363 Tria.
1087 4309 1149 4363 234:

307 4396 348 4450 A:
364 4395 419 4451 555
437 4396 477 4450 sic
494 4395 596 4449 faciam
614 4394 715 4464 opinor
734 4397 748 4462 ll
767 4393 809 4449 Ut
825 4398 973 4462 utramque
992 4409 1053 4447 rom
1070 4392 1154 4446 simul
1172 4396 1301 4460 exputem

308 4479 349 4538 P:
366 4479 420 4535 boc
438 4479 478 4535 sic
496 4478 597 4535 faciam
614 4477 715 4551 opinor
735 4480 748 4548 {l
769 4476 924 4549 Utramque
941 4495 1000 4533 rem
1018 4477 1101 4534 simul
1119 4481 1251 4549 exputem
