3136 5146
698 281 899 378 Δί..

188 481 293 547 fectae
315 480 394 559 sint,
423 481 478 566 qui
502 482 696 547 mutationes
720 505 819 568 supra
840 482 954 546 allatas
975 481 1008 545 in
1031 480 1132 546 verba
1153 490 1270 566 poetae
1293 479 1413 547 intulit.

189 582 292 649 simile
315 594 373 661 est,
396 583 484 670 quod
505 584 538 648 in
562 585 654 648 Pocn.
677 585 739 650 587
763 584 934 650 habemus:

275 687 325 752 A:
348 685 456 771 Quam
471 686 505 751 hi
521 699 605 763 sunt,
622 688 687 772 qui,
704 688 731 751 si
747 687 827 752 nihil
843 701 901 765 est,
917 688 1050 770 quicum
1063 685 1200 772 litigent,
1218 684 1293 750 lites
1307 700 1412 750 emunt

277 788 320 853 P:
344 787 450 872 Quam
468 789 502 854 hi
518 799 602 867 sunt,
620 791 685 874 qui,
702 790 730 853 si
745 790 824 854 nibil
840 801 888 854 est
904 789 1018 866 litium,
1032 786 1102 852 lites
1118 797 1239 854 emunt.

277 889 427 979 Denique
439 902 563 956 restant
574 893 734 975 quaedam
749 892 832 956 inter
843 892 877 956 A
893 902 925 957 et
941 890 970 955 P
986 889 1221 977 discrepantiae
1234 888 1410 974 scripturae

190 994 223 1059 in
252 993 378 1059 cantico
405 993 460 1059 illo
488 994 670 1072 Tamascani,
699 1016 763 1078 quo
786 993 910 1059 nullum
934 992 1038 1079 magis
1060 993 1192 1078 ingenia
1215 1014 1409 1059 summorum

190 1096 428 1185 philologorum
459 1097 613 1163 exercuit.
649 1096 689 1160 de
718 1095 835 1180 quibus
869 1095 1056 1161 brevissime
1088 1098 1240 1174 referam,
1275 1119 1352 1162 cum
1381 1097 1408 1159 in

191 1221 318 1266 summa
335 1198 375 1264 dc
397 1198 507 1264 metris
529 1197 729 1265 dubitatione
751 1199 872 1264 iudicio
895 1198 1055 1264 abstinere
1084 1221 1182 1284 quam
1203 1197 1326 1264 futtilia
1348 1221 1410 1286 pro·

188 1303 272 1369 ferre
295 1302 414 1370 malim.
1028 1376 1031 1382 Α

271 1405 384 1492 Atque
396 1405 476 1471 Trio.
488 1405 552 1470 236
563 1405 628 1469 iam
641 1426 728 1469 nunc
739 1427 781 1469 ex
787 1402 934 1490 Langeni
948 1405 1061 1490 (Bao.
1069 1427 1099 1490 p.
1110 1404 1184 1491 139)
1196 1404 1410 1492 disputatione

192 1507 326 1575 dubium
353 1530 418 1573 non
448 1521 510 1586 est,
540 1509 617 1592 quin
639 1517 726 1572 recte
747 1507 777 1572 P
800 1529 912 1594 ‚quem
936 1507 977 1570 ad
1000 1507 1131 1572 modum
1153 1507 1342 1591 expediant‘
1365 1530 1411 1572 ex-

192 1610 340 1688 hibeant,
364 1632 427 1694 quo
450 1633 527 1675 usus
552 1609 734 1676 Schoellius
757 1610 789 1674 in
814 1610 995 1675 Trinummi
1017 1611 1111 1674 tertia
1135 1609 1275 1675 editione
1298 1610 1411 1676 Linde-

195 1735 349 1779 mannum
371 1711 650 1796 Ritsoheliumque
674 1723 802 1777 secutus
825 1734 954 1777 versum
979 1713 1094 1778 edidit:

278 1813 432 1881 Omnium
462 1817 603 1901 primum
633 1816 751 1880 amoris
781 1817 878 1881 arteis
901 1816 1063 1901 quemad
1086 1815 1217 1880 modum
1240 1817 1414 1903 expediant

1006 1919 1139 2006 eloquar

193 2022 325 2106 eloquar
357 2020 631 2106 quemadmodum
662 2021 847 2106 expediant‘
884 2020 926 2104 1³3
967 2021 1110 2106 ,eloquar
1142 2022 1414 2109 quemadmodum

195 2146 230 2190 se
252 2124 437 2211 expediant‘
453 2123 496 2202 A,
508 2123 566 2188 ubi
588 2146 618 2188 ae
633 2136 688 2188 aut
711 2146 729 2188 a
754 2124 965 2211 grammatico
988 2124 1133 2189 additum
1155 2135 1213 2202 est,
1237 2134 1303 2202 aut,
1328 2125 1354 2188 si
1376 2123 1415 2188 ad

201 2228 306 2316 ipsum
325 2238 487 2293 auctorem
503 2226 699 2292 recensionis
712 2227 803 2306 redit,
821 2229 1002 2292 octonarius
1019 2227 1059 2293 ab
1082 2250 1119 2292 eo
1136 2228 1188 2292 hic
1205 2228 1340 2294 effeetus
1357 2240 1416 2293 est:

280 2328 435 2397 Omnium
456 2331 597 2415 primum
620 2331 737 2396 amoris
760 2331 856 2395 artois
880 2330 1021 2414 eloquar,
1045 2331 1206 2414 quemad
1229 2332 1362 2396 modum
1385 2353 1416 2395 se

357 2428 359 2433 ’
1010 2433 1193 2521 expediant.

278 2534 318 2602 V.
341 2533 404 2600 238
427 2556 492 2613 ‚eos
513 2535 604 2619 petit,
627 2555 681 2598 eos
701 2539 852 2598 sectatur‘
875 2535 919 2611 A;
943 2557 1006 2611 ,eos
1024 2537 1115 2621 cupit
1130 2559 1183 2600 eos
1203 2546 1417 2601 consectatur‘

192 2639 232 2718 P,
259 2648 315 2704 aut
343 2636 504 2702 diversam
533 2637 751 2702 recensionem
774 2637 977 2702 ostendentes
1005 2653 1069 2714 aut
1088 2639 1186 2702 meris
1213 2638 1416 2725 glossematis

196 2743 291 2809 aucti.
314 2739 372 2806 sed
395 2742 434 2806 of.
456 2738 678 2805 Buechelerus
702 2741 781 2804 Mus.
805 2741 900 2808 Rhea.
924 2739 1109 2812 XXXVII
1131 2763 1163 2826 p.
1185 2742 1257 2809 477.

279 2843 320 2909 V.
345 2843 406 2908 242
434 2864 546 2926 ‚quom
576 2842 738 2928 extemplo
763 2841 859 2905 saviis
883 2841 1050 2927 perculsus
1074 2853 1132 2906 est‘
1155 2844 1199 2920 A,
1228 2867 1343 2928 ‚quom
1366 2868 1417 2911 ex·

192 2947 312 3035 templo
335 2944 420 3009 savis
442 2944 603 3031 sagittatis
619 2964 791 3031 percussus
808 2954 865 3008 est‘
882 2943 911 3008 P
926 2946 1108 3031 (percussae
1123 2945 1174 3030 B),
1197 2945 1253 3010 ubi
1270 2947 1416 3013 Fleckei-

193 3073 288 3116 senus
303 3047 567 3134 Ritsoheliusque
582 3049 743 3131 sepinatis,
760 3047 912 3112 videlicet
933 3070 986 3125 ‚ex
1000 3048 1274 3133 interpretatione‘
1293 3063 1416 3131 natum,

194 3153 383 3228 reiecerunt,
403 3149 569 3234 Bergkius
592 3147 815 3235 Kiesslingius
838 3149 988 3215 Loewius
1011 3151 1068 3236 (of.
1092 3149 1273 3217 Schoellius
1301 3154 1417 3240 Trin.⁸)

194 3254 387 3343 Spengelius
407 3252 672 3337 (Reformvorsodl.
689 3274 720 3336 p.
738 3254 789 3318 58.
804 3252 867 3316 418
880 3253 943 3340 sq.)
959 3254 1169 3332 retinuerunt,
1186 3255 1237 3320 hic
1255 3278 1329 3321 cum
1347 3257 1416 3322 aliis

194 3367 383 3445 anapaestos
406 3354 584 3420 dimensus:

279 3457 450 3541 Numqui
473 3467 559 3521 amat
581 3457 667 3541 quod
691 3467 778 3522 amat
801 3480 898 3541 quom
921 3457 1083 3542 extemplo

280 3559 387 3627 Savits
411 3560 571 3646 sagittatis
596 3559 790 3645 percussust.

279 3662 462 3730 Schoellius
479 3672 585 3727 autem
609 3661 648 3726 de
674 3663 852 3747 composito
876 3663 1087 3748 ,savisagitta‘
1111 3662 1268 3750 cogitans,
1291 3665 1414 3730 scribit:

121 3818 123 3824 .
198 3765 294 3846 ,Nam
318 3766 374 3851 qui
402 3776 499 3844 amat,
523 3767 609 3850 quod
639 3777 726 3830 amat
748 3787 845 3853 quom
868 3766 1031 3851 extemplo
1053 3767 1121 3832 eius
1143 3767 1336 3853 savisagitta
1358 3769 1416 3832 dis·

197 3869 364 3956 perculsus
387 3879 454 3934 est‘.
494 3871 549 3954 qui
572 3869 598 3934 si
621 3879 707 3933 recte
730 3868 970 3948 iudicaverunt,
993 3869 1028 3933 in
1050 3870 1084 3934 A
1106 3869 1261 3934 correctio
1284 3870 1416 3936 metrica

193 3970 365 4039 statuenda
387 3983 445 4039 est.

279 4074 321 4144 V.
345 4075 407 4141 257
431 4076 522 4154 ‚haec
545 4096 605 4161 ego
621 4073 730 4159 Quum
753 4096 826 4139 cum
844 4077 950 4139 animo
967 4096 1040 4139 meo
1062 4083 1186 4160 reputo‘
1210 4075 1291 4159 A²)‚
1314 4075 1414 4159 ,Haec

194 4198 255 4263 ego
286 4199 361 4242 cum
389 4199 452 4264 ago
487 4199 559 4242 cum
597 4199 668 4241 mco
705 4177 812 4242 animo
846 4187 877 4242 et
910 4177 1027 4242 recolo‘
1061 4179 1099 4243 P.
1147 4201 1205 4265 apo
1237 4178 1413 4243 reiecerunt

282 4333 302 4396 ¹)
320 4329 378 4385 Ubi
393 4331 468 4398 quod
486 4331 551 4384 boec
569 4346 617 4399 epo
634 4330 664 4383 in
682 4329 710 4384 A
728 4330 865 4399 superiori
882 4331 976 4385 versui
994 4331 1121 4386 additum
1139 4335 1188 4398 est,
1206 4332 1297 4401 possit
1314 4331 1412 4401 aliquia

199 4413 235 4469 ad
260 4415 451 4469 recensionem
478 4415 624 4469 metricam
646 4414 751 4468 referre
773 4430 806 4469 eo
829 4416 946 4472 consilio
964 4419 1135 4490 susceptam,
1163 4420 1196 4470 ut
1217 4415 1338 4473 duorum
1358 4431 1412 4470 var

197 4515 276 4559 snum
294 4503 414 4561 metrum
431 4500 506 4560 idem
524 4499 754 4562 constitueretur:

76 4732 276 4824 A
