3120 5138
768 312 787 378 2

677 403 876 413 —m

167 518 321 605 loquendi
354 529 386 583 et
416 519 493 583 artis
521 519 674 585 metricae
702 519 911 607 adaptarent,
946 516 1052 584 verbis
1080 518 1184 585 minus
1213 518 1297 605 aptis
1328 517 1392 583 alia

167 623 406 704 substituerent,
430 614 561 686 mancos
581 623 668 687 locos
690 622 877 707 supplerent
899 632 995 705 atque
1013 621 1058 684 ita
1080 632 1207 706 poetam
1230 643 1289 708 pro
1308 620 1391 685 arbi·

167 735 253 791 tratu
276 748 334 791 suo
353 725 570 790 emendarent.
616 724 773 789 eiusmodi
797 711 988 790 mutationes
1007 734 1129 788 certum
1145 733 1193 786 est
1209 745 1270 787 non
1288 723 1391 788 solum

169 827 383 912 archetypum
406 837 576 913 expertum
599 847 678 904 esse,
702 848 742 890 ex
765 847 829 911 quo
852 847 963 891 omnes
978 824 1079 890 nostri
1102 825 1229 890 codices
1245 824 1391 890 Plautini

166 929 346 1008 fluxerunt,
380 930 436 994 sed
471 930 568 994 etiarn
601 951 638 994 ea
672 927 911 994 comoediarum
944 926 1160 1012 exemplaria,
1195 947 1236 990 ex
1272 924 1391 1010 quibus

167 1032 338 1118 scriptores
381 1045 412 1097 et
449 1032 652 1118 grammatici
684 1032 790 1108 latini,
830 1053 903 1096 cum
944 1029 1097 1094 Plautum
1137 1028 1287 1105 citarent,
1333 1052 1393 1094 sua

166 1135 350 1199 testimonia
379 1134 566 1199 hauserunt.
617 1147 651 1198 at
678 1134 732 1198 ille
759 1133 955 1220 archetypus
977 1142 1084 1196 utrum
1115 1131 1392 1196 recensionem

166 1236 349 1303 fabularum
372 1236 598 1301 Plautinarum
621 1238 922 1322 repraesentaverit,
945 1235 979 1298 id
998 1245 1046 1298 est
1062 1255 1120 1320 per
1135 1255 1245 1299 omnes
1261 1232 1390 1300 fabulas

167 1360 187 1401 a
219 1339 431 1425 grammatico
468 1338 609 1422 quodam
648 1338 824 1403 deliberato
864 1337 996 1402 oonsilio
1036 1336 1077 1400 ad
1117 1346 1221 1401 certas
1259 1359 1390 1402 normas

167 1454 329 1507 correctus
345 1441 396 1519 sit,
412 1464 454 1504 an
469 1441 635 1505 hominum
651 1439 817 1505 doctorum
836 1439 1027 1505 coniecturis
1042 1454 1072 1503 et
1090 1427 1393 1525 interpolationibus

166 1542 303 1629 sparsim
332 1541 430 1607 illatis
458 1542 490 1605 in
515 1563 587 1605 eam
609 1540 830 1607 condicionem
853 1540 1004 1607 redactus
1027 1541 1083 1619 sit,
1115 1563 1212 1628 quam
1242 1564 1284 1606 ex
1307 1543 1393 1607 oodi·
1423 1525 1426 1531 ¹

166 1644 257 1709 cibus
281 1644 511 1709 reconcinnare
538 1644 628 1721 licet,
656 1646 690 1707 in
718 1643 843 1708 incerto
870 1665 955 1709 nunc
983 1643 1111 1730 quidem
1141 1643 1298 1728 relinquo.
1352 1645 1391 1710 de

90 1797 92 1801 <
166 1747 205 1811 iis
234 1769 309 1812 vero
338 1746 500 1824 versibus,
529 1746 586 1831 qui
613 1746 701 1832 apud
731 1746 903 1833 scriptores
930 1747 1047 1811 latinos
1076 1746 1164 1812 citati
1188 1746 1393 1812 diversama

166 1848 407 1915 recensionibus
442 1859 474 1913 et
502 1848 722 1914 Ambrosiana
757 1860 789 1912 et
814 1848 966 1914 Palatina
999 1849 1191 1936 scripturam
1226 1848 1392 1929 exhibent,

166 1952 350 2018 cautissime
371 1950 584 2017 iudicandum
601 1963 660 2016 est.
705 1973 841 2038 quorum
864 1952 1043 2037 scripturae
1064 1952 1295 2037 discrepantias
1318 1975 1392 2018 oum

167 2076 398 2144 saepenumero
429 2077 492 2119 non
524 2064 591 2131 tam
626 2053 805 2119 recensioni
838 2054 968 2118 cuidam
1000 2054 1109 2119 Plauti
1143 2056 1392 2136 comoediarum,

168 2181 266 2244 quarn
302 2157 403 2243 ipsius
438 2157 494 2241 qui
529 2156 642 2221 citarit
679 2157 844 2244 scriptoris
880 2158 1054 2223 memoriae
1095 2158 1147 2223 vel
1187 2158 1393 2225 librariorum

167 2261 333 2327 socordiae
363 2260 474 2324 deberi
503 2272 625 2324 certum
652 2260 709 2335 sit,
741 2281 824 2343 quae
852 2270 974 2324 restant
1002 2270 1133 2346 propter
1158 2261 1314 2347 exiguum
1336 2284 1393 2327 nu-

167 2386 291 2430 merum
315 2363 371 2427 vix
394 2370 528 2448 possunt
550 2383 624 2426 cum
648 2361 839 2426 confidentia
860 2360 903 2426 ad
919 2361 1015 2427 aliam
1034 2362 1254 2428 recensionem
1269 2365 1392 2429 referri.

252 2465 318 2534 Sed
340 2486 435 2530 veras
451 2485 569 2549 easque
585 2463 730 2528 diversas
744 2461 929 2529 fabularum
944 2464 1173 2531 Plautinarum
1189 2467 1392 2532 recensiones

167 2569 314 2635 videmus
330 2579 441 2633 extare
454 2567 489 2631 in
504 2567 595 2632 libris
611 2566 849 2651 manuscriptis,
862 2565 1127 2644 inAmbrosiano
1139 2568 1348 2656 palimpsesto
1359 2581 1391 2635 et

76 2663 80 2671 ¹
166 2674 198 2737 in
214 2671 370 2737 Palatinis
386 2669 567 2748 codicibus3
582 2669 639 2754 qui
651 2669 815 2754 duplicem
826 2667 941 2733 harum
954 2669 1193 2749 comoediarum
1205 2672 1392 2736 memoriam

165 2783 409 2863 repraesentant
426 2795 498 2839 eum
515 2772 551 2836 in
569 2771 699 2836 modum
719 2770 898 2848 diversam,
926 2783 963 2836 ut
987 2774 1021 2837 in
1044 2773 1196 2840 universo
1212 2774 1392 2840 litterarum

166 2879 372 2964 antiquarum
389 2898 504 2964 campo
515 2876 572 2940 vix
584 2875 686 2940 ullum
704 2874 849 2940 invenias
869 2877 1054 2962 exemplum
1070 2877 1182 2944 simile.
1219 2878 1304 2943 unde
1315 2900 1392 2944 vero

166 2993 213 3049 tot
235 2992 348 3048 ettam
364 2981 516 3068 gravium
535 2978 788 3049 differentiarum
807 2999 904 3044 causa
925 2979 1102 3066 repetenda
1122 2981 1173 3059 sit,
1201 3003 1297 3067 porro
1319 2991 1391 3046 utra

166 3085 312 3152 recensio
335 3083 436 3150 verba
458 3092 572 3168 poetae
588 3081 770 3168 religiosius
792 3081 979 3156 servaverit,
1003 3092 1075 3147 utra
1092 3105 1189 3149 manu
1204 3083 1392 3148 correctoris

167 3190 273 3276 magis
289 3190 469 3254 deformata
483 3187 535 3264 sit,
551 3185 591 3250 de
607 3184 657 3249 his
673 3182 916 3268 quaestionibus
931 3183 1053 3249 iudicia
1068 3185 1210 3250 virorum
1225 3186 1391 3252 doctorum

168 3316 231 3359 non
255 3292 360 3357 minus
382 3291 478 3375 longe
500 3288 620 3353 distare
642 3285 800 3364 videmus,
823 3309 919 3374 quam
944 3287 1032 3374 ipsas
1054 3288 1264 3353 recensiones.

252 3395 363 3478 Atque
384 3391 573 3459 Fridericus
595 3388 726 3474 quidem
743 3388 994 3455 Ritsohelius
1017 3389 1050 3453 in
1069 3391 1277 3457 celeberrima
1293 3412 1390 3478 quam

166 3499 207 3564 de
229 3495 447 3563 Ambrosiano
474 3492 516 3557 ad
539 3490 759 3559 Godofredum
782 3491 1011 3558 Hermannum
1039 3492 1129 3558 dedit
1156 3493 1295 3581 epistula
1304 3493 1330 3581 1)
1360 3503 1392 3558 et

166 3601 200 3667 in
231 3600 489 3685 Prolegomonon
523 3595 629 3683 capite
663 3604 765 3672 sexto,
803 3605 975 3682 postquam
1009 3596 1101 3662 varia
1136 3596 1391 3683 corruptelarum

166 3725 287 3791 genera
320 3711 353 3767 et
379 3699 413 3765 in
440 3698 659 3765 Ambrosiano
687 3707 718 3762 et
752 3697 786 3762 in
813 3697 972 3764 Palatinis
1003 3697 1099 3764 obvia
1127 3709 1313 3787 persecutus
1343 3709 1391 3763 est

167 3809 213 3894 (p.
235 3804 386 3872 LXV=
400 3803 457 3890 Op.
476 3803 530 3890 pt.
554 3800 587 3869 V
609 3799 704 3888 324),
732 3800 805 3866 illas
832 3823 943 3867 omnes
973 3801 1206 3890 discrepantias
1233 3800 1280 3865 ita
1308 3822 1391 3865 oom-

167 3919 298 3998 paratas
321 3927 390 3972 esse
412 3904 544 3985 indicat,
569 3913 604 3969 ut
626 3903 797 3970 consilium
819 3903 952 3989 aliquod
974 3904 1156 3991 corrigendi
1171 3927 1212 3969 ue
1226 3903 1391 3968 levissimo

167 4011 298 4095 quidem
311 4007 431 4073 indicio
442 4007 596 4095 prodant3
609 4018 641 4072 et
654 4008 750 4096 paulo
761 4009 1017 4096 postconfirmat,
1031 4007 1117 4094 quod
1129 4007 1193 4072 iam
1205 4007 1239 4072 in
1251 4006 1391 4094 epistula

168 4113 282 4179 illaad
301 4111 527 4176 Hermannum
543 4111 641 4176 missa
659 4111 846 4200 scripserat:
870 4121 1046 4177 metrorum
1060 4121 1272 4175 correctorem
1292 4109 1391 4175 nullis

169 4216 220 4281 vel
243 4217 276 4281 io
289 4217 317 4280 A
331 4214 382 4278 vel
400 4213 432 4278 in
449 4213 633 4300 Pvestigiis
652 4213 755 4302 prodi.
790 4214 907 4280 etenim
930 4213 1063 4302 quaein
1082 4212 1209 4280 codices
1220 4211 1391 4278 Plautinos

255 4472 275 4538 1)
302 4470 428 4613 {gaucia
452 4470 474 4540 f.
494 4469 717 4524 Altertlumswiaa
748 4468 814 4527 1837
848 4485 876 4541 p.
909 4469 967 4524 748.
996 4469 1047 4526 755
1064 4486 1104 4540 sq.
1128 4491 1163 4513 a·
1187 4468 1235 4540 Op.
1261 4467 1328 4538 ptil.
1358 4467 1390 4522 11

166 4574 194 4630 p.
214 4557 303 4613 isat
339 4595 346 4612 .
