3120 5138
864 249 905 312 14

255 436 481 516 'enamandam
523 473 596 517 oum
638 452 903 525 antecedentibus
949 476 1013 519 non
1050 453 1112 518 nisi
1155 454 1283 518 nomine
1324 453 1491 520 Strabacis

268 574 424 619 conexam
439 567 533 640 poeta
553 556 677 620 transit.
711 566 853 621 ceterum
865 556 1018 620 miramur
1036 555 1124 644 quod
1135 554 1167 620 N
1170 558 1350 642 iemeyerus
1363 579 1491 622 versum

267 655 330 720 246
352 655 434 720 inA
456 655 544 721 aliud
566 666 703 723 metrum
727 658 845 725 habere
876 671 974 747 atque
989 660 1052 725 245
1075 681 1193 747 eosque
1217 659 1272 747 qui
1296 658 1493 724 antecedunt

269 758 399 823 minime
432 758 575 837 curavit,
608 782 806 850 quamquam
838 763 1015 827 sententiae
1050 761 1287 826 necessitudine
1317 763 1395 826 satis
1423 772 1492 827 arte

267 859 429 927 coniuncti
446 872 529 929 sunt.
572 883 632 926 nec
653 862 728 947 plus
747 864 962 949 Niemeyerus
983 863 1088 929 effecit
1105 863 1289 951 prosodiam
1303 862 1492 929 Plautinam

266 961 301 1027 in
321 963 356 1028 A
377 963 456 1029 scite
478 962 681 1030 observatam
704 987 773 1032 esse
794 988 927 1032 monens
961 966 1027 1053 (sed
1054 951 1080 1030 is
1107 967 1199 1040 clam,
1238 963 1306 1030 erim
1332 966 1411 1040 colo,
1440 968 1493 1030 sed

268 1069 337 1155 ist),
353 1067 447 1155 quasi
462 1067 541 1132 talia
551 1068 585 1133 in
597 1066 742 1135 versibus
759 1069 960 1156 interpolatis
976 1091 1039 1134 non
1056 1085 1122 1134 tam
1134 1067 1246 1134 crebro
1262 1066 1493 1147 invenirentur,

266 1179 303 1234 ut
325 1169 475 1256 exempla
503 1169 619 1235 afferre
647 1190 925 1257 supervacaneum
962 1172 1013 1240 sit.
1058 1172 1154 1259 longe
1182 1171 1403 1238 incredibilius
1435 1185 1492 1250 est,

268 1272 355 1358 quod
387 1271 602 1358 Niemeyerus
637 1295 678 1338 ex
712 1273 775 1338 hoc
807 1274 877 1339 loco
905 1296 939 1339 se
966 1274 1119 1340 didicisse
1148 1275 1210 1339 ait:
1242 1275 1493 1361 grammaticum

266 1371 433 1438 Palatinos
472 1387 692 1440 recensentem
737 1398 778 1441 ne
813 1375 854 1442 ab
888 1377 1038 1443 obsoletis
1077 1376 1207 1465 quidem
1243 1377 1436 1463 (tramittit)
1463 1388 1493 1441 et

268 1475 441 1541 reconditis
464 1476 580 1562 (babet)
602 1477 713 1542 formis
736 1477 951 1560 abhorruisse,
975 1490 1011 1544 ut
1032 1479 1172 1564 probum
1189 1501 1318 1545 versum
1341 1479 1493 1548 efficeret.

267 1600 353 1662 quae
386 1590 553 1666 praeterea
584 1578 724 1659 addidit,
771 1582 804 1646 in
834 1582 873 1647 iis
904 1583 1080 1648 resistendis
1116 1581 1188 1646 nolo
1216 1581 1337 1646 diutius
1361 1584 1492 1647 morari.

269 1702 368 1745 unum
400 1680 477 1745 satis
506 1680 609 1746 habeo
638 1703 922 1762 commemorasse,
956 1684 997 1750 ab
1032 1682 1249 1752 Ambrosiano
1277 1683 1425 1770 inprimis
1456 1705 1494 1749 ea

270 1781 310 1847 de
344 1803 441 1848 causa
475 1782 707 1849 discedendum
740 1807 825 1864 esse,
868 1787 955 1873 quod
987 1787 1135 1873 singulae
1168 1786 1344 1851 sententiae
1375 1786 1493 1852 finibus

270 1906 424 1950 versuum
462 1885 556 1951 foede
591 1887 852 1974 disrumpuntur,
895 1887 929 1951 id
966 1889 1053 1976 quod
1084 1888 1162 1953 artis
1199 1887 1370 1954 Plautinae
1407 1902 1494 1953 certa

272 1987 325 2053 lex
343 1999 438 2056 vetat.
475 2010 560 2073 quae
577 1988 740 2077 Bergkius
756 1990 868 2077 (Beitr.
886 2014 912 2054 z.
928 1992 982 2054 lut.
999 1989 1137 2057 Gramm.
1153 2013 1184 2077 p.
1202 1989 1495 2075 133Jdeh001000

270 2089 459 2177 disputavit,
487 2090 606 2176 partim
636 2091 781 2158 obsoleta
807 2113 894 2158 nunc
916 2093 997 2157 nibil
1020 2093 1130 2158 valent
1150 2092 1254 2180 (velut
1276 2093 1309 2158 in
1331 2089 1365 2156 A
1387 2095 1495 2156 transit

269 2194 342 2259 ideo
373 2194 499 2261 illatum
528 2217 613 2273 esse,
641 2207 676 2260 ut
703 2196 921 2281 pronuntiatio
952 2196 1002 2283 p’r
1030 2197 1148 2260 inertum
1176 2196 1344 2283 vitaretur)
1376 2196 1493 2280 partim

270 2309 343 2384 post
354 2296 508 2363 Schoellii
525 2319 676 2384 sagacem
696 2299 953 2365 observationem
970 2298 1051 2363 nihil
1066 2308 1210 2386 prosunt.
1255 2320 1359 2385 neque
1375 2318 1494 2382 operae

271 2401 410 2488 pretium
432 2409 481 2464 est
503 2399 661 2487 Gepperti
683 2400 805 2466 indicia
827 2400 932 2488 (stud.
950 2400 970 2464 I
985 2401 1041 2488 93)
1063 2422 1240 2466 recensere.

356 2501 500 2567 Transeo
523 2501 566 2568 ad
589 2524 717 2568 versum
747 2504 865 2570 Traeal.
888 2503 951 2568 252

313 2605 360 2669 A:
375 2604 440 2689 Qui
462 2604 518 2671 ubi
540 2627 671 2693 quamq.
700 2617 881 2671 nostrarum
910 2605 998 2671 videt
1020 2627 1120 2693 prope
1141 2604 1231 2672 aedis
1254 2604 1419 2690 adgrediri

314 2705 358 2773 P:
374 2706 439 2792 Qui
461 2706 516 2773 ubi
545 2728 707 2796 quamque
733 2719 916 2775 nostrarum
945 2708 1033 2774 videt
1063 2730 1161 2796 prope
1183 2707 1272 2772 aedis
1302 2707 1363 2772 hac
1392 2707 1419 2772 si
1443 2706 1495 2770 ad·

882 2811 1013 2898 gredias

356 2911 410 2977 Ex
433 2912 516 2977 baeti
543 2912 733 2979 eliciendum
764 2936 833 2979 esse
855 2915 941 2978 besee
963 2913 1088 2999 (Bergk
1111 2912 1257 2997 Beitrcipe
1280 2934 1310 2998 p.
1331 2910 1406 2996 133)
1432 2933 1495 2975 non

272 3016 380 3082 minus
403 3028 527 3081 certum
549 3026 609 3094 est,
631 3039 730 3104 quam
753 3038 794 3082 ex
816 3016 850 3081 A
871 3015 1092 3103 recipiendum
1109 3036 1186 3079 esse
1209 3015 1424 3100 adprediri1);
1454 3013 1495 3078 of.

271 3116 409 3205 Langen
445 3118 545 3182 Beitr.
576 3141 603 3181 z.
637 3118 721 3182 Καὶ
754 3143 785 3182 n.
818 3119 906 3184 Ertt
939 3120 971 3181 d.
1001 3117 1131 3181 Plautus
1157 3139 1190 3202 p.
1221 3116 1263 3181 82
1286 3138 1333 3203 sq.
1383 3136 1497 3181 versus

271 3219 372 3307 igitur
392 3218 456 3284 fine
484 3219 585 3298 ,aedis
615 3219 712 3284 hasce
735 3220 908 3307 adgrediri‘
931 3219 1104 3285 constituto
1127 3240 1239 3283 vocem
1257 3240 1354 3304 prope
1381 3218 1496 3283 falsam

271 3321 382 3388 sedem
416 3343 591 3409 occupasse
629 3334 779 3410 apparet;
808 3343 912 3407 neque
941 3332 1049 3387 tamen
1088 3321 1149 3387 boc
1179 3320 1275 3386 verbo
1307 3333 1381 3385 ante
1416 3324 1497 3386 videt

272 3425 377 3512 posito
409 3425 535 3511 integer
562 3446 676 3490 versus
702 3424 811 3510 prodit
842 3424 903 3490 nisi
940 3447 999 3510 pro
1021 3436 1191 3489 nostrorum
1219 3424 1323 3488 altera
1354 3424 1498 3511 genetivi

271 3529 376 3593 forma
397 3539 531 3592 nostrum
552 3526 708 3613 reposita:

315 3628 381 3713 Qui
402 3628 458 3694 ubi
481 3627 644 3715 quemque
667 3638 812 3693 nostrum
833 3628 935 3714 prope
950 3627 1040 3693 videt
1062 3627 1158 3692 hasce
1182 3626 1272 3692 aedis
1294 3624 1460 3714 adgredlri

273 3753 370 3816 quem
397 3753 526 3796 versum
555 3729 582 3794 si
615 3751 689 3794 cum
722 3729 849 3794 traditis
875 3729 910 3795 in
936 3730 971 3795 A
999 3739 1031 3794 et
1057 3729 1086 3794 P
1120 3729 1226 3794 verbis
1264 3750 1497 3815 comparamus,

273 3856 404 3900 versum
425 3834 458 3898 in
480 3832 657 3917 archetypo
679 3832 744 3897 iam
766 3845 953 3919 corruptum
975 3855 995 3896 a
1015 3830 1240 3897 Palatinorum
1262 3830 1401 3897 librariis
1425 3830 1495 3896 reli-

273 3938 363 4025 giose
383 3935 579 4021 descriptum
601 3956 670 4000 esse
692 3934 851 4012 videmus,
873 3934 960 4021 quod
979 3944 1091 3998 contra
1111 3946 1272 4000 corrector
1285 3932 1496 3999 Ambrosiani

273 4057 413 4118 ,versum
434 4057 493 4123 per
514 4047 685 4100 nostrarum
706 4037 782 4122 (pro
796 4037 943 4122 nostrum)
966 4046 999 4101 et
1019 4037 1100 4102 ridet
1116 4059 1213 4124 prope
1229 4058 1286 4123 pro
1307 4058 1401 4123 prope
1415 4038 1495 4100 ridet

362 4295 382 4362 ¹)
407 4291 539 4347 Fortasse
556 4291 586 4345 in
603 4289 797 4346 Palatinos-om
814 4251 941 4361 apicibus
958 4290 988 4344 id
1006 4290 1098 4359 ipsum
1115 4290 1197 4359 latet3
1216 4290 1250 4346 cf.
1269 4289 1382 4346 Schoell
1400 4290 1496 4354 Proes.

277 4380 354 4433 Tmo.
373 4376 458 4432 XXI:
484 4378 565 4442 ,Moci
583 4377 728 4447 adpredios
744 4392 797 4445 pro
814 4376 923 4444 luade)
940 4376 1081 4445 adpreds'rr'
1097 4393 1132 4428 ox
1151 4378 1202 4430 lter
1219 4376 1332 4444 adpredt'
1349 4375 1498 4444 adscriptis

274 4482 306 4518 oa
322 4464 347 4516 ri
365 4462 533 4516 correcturis
549 4463 675 4530 repetes!
