3120 5138
836 313 898 379 170

769 405 972 415 υ-ῄ--ι-ι-

260 520 264 526 ’
310 520 391 585 llio.
413 518 477 585 485
499 519 548 587 A:
570 517 706 608 Semper
728 528 764 584 tu
786 520 894 600 facito,
917 519 1107 596 Lesbonico,
1130 518 1191 584 hoc
1213 518 1337 604 cogites

500 622 541 686 P:
565 621 700 708 Semper
722 634 756 690 tu
779 623 841 688 hoc
862 624 971 702 facito,
992 621 1183 699 Lesbonico,
1207 621 1343 706 cogites,

260 723 317 790 ubi
343 723 566 791 Palatinorum
600 724 768 791 collocatio
801 725 972 793 verborum
1007 726 1081 792 usui
1112 724 1264 791 Plautino
1296 722 1480 810 respondet3

261 830 302 896 of.
326 828 420 895 Stich.
442 828 505 894 519
529 828 602 907 ,hoo
624 838 659 893 tu
680 828 779 894 facito
800 839 837 894 ut
858 831 993 916 cogites‘
1014 827 1091 893 ΑΡ.

303 945 425 1014 (lontra
448 949 560 1013 Pseud.
586 947 666 1016 1191

341 1049 392 1116 A:
415 1050 590 1137 Responde
612 1050 745 1116 obsecro
768 1051 876 1116 hercle
897 1050 958 1116 hoo
981 1073 1059 1117 vero
1082 1051 1164 1116 serio
1192 1049 1280 1135 quod
1302 1059 1334 1115 te
1358 1070 1438 1134 rogo

344 1152 388 1219 P:
411 1151 589 1239 Responde
612 1151 745 1218 obsecro
767 1153 875 1220 hercle
898 1175 974 1219 vero
997 1153 1080 1218 serio
1102 1153 1164 1218 hoc
1186 1153 1273 1237 quod
1296 1162 1329 1218 te
1352 1174 1442 1239 rogo.

259 1255 496 1324 Ambrosianus
526 1278 639 1324 verum
665 1255 780 1342 habet3
811 1257 852 1322 of.
875 1256 1052 1324 Muellerus
1074 1258 1160 1322 Add.
1183 1277 1215 1342 p.
1242 1256 1311 1324 140.
1333 1255 1482 1322 Loewius

259 1360 353 1424 Aaol.
378 1360 484 1424 Plorat.
507 1383 539 1446 p.
566 1358 634 1427 172.

306 1480 388 1544 Trio.
409 1480 472 1548 765
494 1477 539 1545 A:
562 1478 670 1545 Homo
694 1479 892 1546 conducatur
913 1480 978 1546 iam
1001 1480 1118 1564 aliquis
1141 1488 1299 1567 quantum
1321 1487 1428 1564 potest

493 1581 536 1647 P:
558 1580 667 1648 Homo
691 1583 889 1649 conducatur
912 1583 1028 1668 aliquis
1051 1584 1117 1648 iam
1139 1593 1296 1668 quantum
1314 1590 1433 1668 potest.

259 1695 431 1772 utrumque
453 1683 657 1763 Plautinum3
680 1687 720 1753 of.
737 1685 830 1752 Stich.
847 1686 910 1752 232
933 1686 1040 1770 ,Haeo
1062 1685 1223 1750 venivisse
1243 1683 1307 1748 iam
1331 1705 1414 1770 opus
1438 1695 1483 1749 est

260 1800 418 1877 quantum
440 1797 571 1874 potest‘3
601 1789 658 1854 sed
679 1789 776 1876 longe
805 1789 948 1855 crebrius
973 1792 1049 1867 ,iam
1074 1798 1234 1873 quantum
1255 1796 1373 1874 potest‘
1395 1797 1482 1852 extat

262 1893 345 1956 Meo.
368 1891 440 1959 875.
463 1893 547 1962 Pers.
572 1892 644 1958 142.
667 1894 760 1958 Paeo.
783 1892 855 1960 567.
878 1896 964 1959 Asin.
987 1893 1061 1958 607.

344 1994 547 2080 Quibusdam
579 1995 658 2061 locis
687 1996 723 2060 in
748 1995 778 2061 P
806 1997 929 2083 duplex
961 1996 1123 2081 scriptura
1152 2002 1281 2058 servata
1311 2001 1370 2056 est.
1415 1992 1481 2056 Mil

259 2099 336 2185 plor.
353 2098 414 2162 747
437 2098 519 2182 ,meo
542 2098 678 2185 remigio
700 2099 768 2165 rem
790 2110 880 2187 gero‘
896 2100 944 2180 A;
967 2122 1049 2177 ,meo
1071 2121 1139 2165 rem
1161 2095 1297 2184 remigio
1311 2118 1382 2162 rem
1396 2104 1483 2182 gero‘

261 2200 300 2285 P,
323 2201 357 2266 in
379 2224 443 2286 quo
465 2201 559 2281 latet,
589 2213 624 2268 ut
645 2202 843 2270 Ribbeckius
866 2202 958 2282 vidit,
981 2212 1013 2269 et
1040 2224 1122 2280 ‚meo
1144 2198 1280 2288 remigio
1305 2220 1376 2265 rom
1397 2207 1483 2285 gero‘

263 2314 294 2369 et
317 2325 399 2381 ,meo
421 2326 490 2370 rem
512 2306 647 2392 remigio
671 2315 770 2392 gero‘,
793 2307 881 2390 quod
903 2306 1012 2371 nescio
1035 2328 1076 2370 an
1099 2302 1346 2390 praeferendum
1369 2302 1421 2371 sit.

302 2424 413 2488 Pseud.
437 2425 500 2492 845
527 2425 573 2505 ,Si
602 2425 813 2515 nu[m]quam
842 2427 870 2491 is
899 2426 1010 2492 coctis‘
1043 2423 1117 2507 Be,
1153 2424 1173 2492 i.
1197 2446 1224 2488 e.
1248 2423 1285 2501 ,si
1307 2442 1482 2507 numquam

262 2535 389 2592 coctum
409 2528 450 2593 is‘
472 2528 533 2616 (sic
555 2528 605 2614 A)
628 2540 659 2594 et
681 2530 719 2608 ,si
743 2552 920 2618 numquam
942 2528 970 2593 is
993 2534 1140 2594 coctum‘.

302 2648 389 2815 Μθέε
404 2650 577 2837 lidiipedite
599 2751 781 2819 fabulatu's.
805 2752 869 2819 iam
891 2752 969 2818 foris
991 2751 1094 2817 ferio?
1116 2753 1125 2822 l
1146 2755 1207 2819 leri

344 2850 392 2920 A:
416 2853 580 2942 Expedite
603 2855 793 2924 fabulatu's.
816 2857 882 2922 iam
903 2857 984 2921 ferio
1004 2855 1104 2921 foris?
1126 2858 1136 2928 ΙΙ
1157 2857 1218 2923 ieri

262 2979 336 3024 cum
360 2958 438 3022 vitio
460 2958 603 3024 metrico.

302 3078 384 3145 Meo.
407 3076 471 3142 264

346 3181 395 3246 A:
418 3181 504 3267 Quia
528 3203 623 3248 nemo
644 3183 745 3247 ferme
769 3183 837 3247 sine
860 3183 978 3248 damno
1001 3181 1065 3248 huc
1087 3180 1266 3248 devortitur

346 3282 392 3350 P:
416 3283 502 3370 Quia
523 3306 617 3350 nemo
638 3285 739 3351 ferme
762 3285 827 3353 huc
849 3286 917 3351 sine
940 3286 1058 3350 damno
1080 3283 1269 3350 devortitur.

304 3389 385 3453 Meo.
410 3387 473 3455 265

347 3491 400 3556 A:
423 3488 496 3577 Ego
518 3491 601 3557 istuc
625 3491 756 3560 cavebo.
779 3490 937 3556 oedodum
959 3489 1023 3554 huc
1045 3487 1124 3552 mihi
1145 3486 1369 3574 marsuppium

346 3592 390 3656 P:
414 3592 488 3678 Ego
511 3593 596 3658 istuc
620 3594 753 3659 cavebo.
777 3589 936 3656 oedodum
957 3588 1037 3655 mihi
1058 3584 1123 3655 hiic
1145 3589 1379 3676 marsuppium.
1462 3596 1466 3602 “

262 3697 303 3761 cf.
325 3717 357 3781 p.
375 3696 426 3774 74,
450 3694 506 3762 ubi
530 3697 629 3761 etiam
653 3696 694 3761 de
716 3696 784 3761 Mil.
807 3695 883 3780 plor.
908 3693 969 3758 182
993 3703 1100 3758 actum
1122 3704 1179 3757 est.

303 3817 373 3880 Mil.
395 3817 471 3902 plor.
498 3815 580 3884 1432

348 3919 397 3984 A:
420 3918 508 3985 Nem
529 3928 702 4005 postquam
725 3927 820 4004 porta
843 3917 1002 4000 exierunt,
1025 3915 1071 3980 nil
1094 3923 1262 3980 cessarunt
1280 3912 1358 3978 ilico

344 4022 388 4088 P:
411 4021 500 4089 Nam
521 4032 694 4109 postquam
718 4021 868 4086 exierunt
888 4032 991 4108 porta,
1013 4019 1059 4084 nil
1080 4026 1249 4084 cessarunt
1271 4015 1355 4082 ilieo.

302 4127 372 4189 Mil.
394 4126 470 4211 plor.
496 4125 578 4189 1417

346 4227 390 4291 P:
414 4226 512 4308 Quid,
536 4226 563 4291 si
585 4225 620 4291 id
642 4246 706 4289 non
729 4223 837 4289 saxis?
858 4246 868 4313 q
889 4234 925 4288 ut
946 4223 1057 4290 vivam
1079 4245 1206 4309 semper
1227 4220 1423 4288 intestabilis

346 4329 396 4395 A:
420 4329 517 4415 Quid,
541 4330 568 4394 si
590 4328 624 4393 id
647 4349 710 4392 non
732 4326 841 4391 faxis?
863 4336 929 4409 qut
952 4349 1078 4415 semper
1101 4326 1210 4391 vivam
1232 4322 1430 4391 intestabilis

264 4446 320 4499 eut
342 4454 420 4499 casu
443 4444 499 4511 eut
515 4430 724 4519 comprobato
747 4451 766 4493 a
789 4439 968 4495 correctore
989 4429 1079 4495 hiatu
1101 4429 1188 4518 apud
1210 4428 1316 4517 ipsum
1331 4425 1491 4496 Plautum

264 4556 327 4600 non
350 4535 492 4604 ferendo.
535 4533 622 4600 idem
645 4532 731 4598 valet
753 4530 793 4598 de
