3120 5138
747 337 811 403 106

167 547 319 610 Pseudolo
346 566 457 610 versus
484 547 551 612 193.
575 544 638 610 255
665 543 693 607 ei
717 565 834 609 nomen
860 543 985 608 lenonis
1005 543 1101 607 facile
1125 540 1388 627 suppeditabant3

171 668 247 713 nam
273 648 355 714 haec
384 649 581 735 appellativa
603 668 691 712 mero
720 669 797 710 casu
820 647 929 710 oculos
953 644 1141 710 correctoris
1162 644 1288 730 fugisse
1308 665 1389 728 qnae

166 753 257 815 iuxta
269 751 388 838 scripta
400 766 475 815 sunt
486 749 616 814 nomina
629 748 758 835 propria
771 747 1001 816 demonstrant.
1015 759 1126 812 contra
1137 746 1311 812 consilium
1324 768 1387 812 cor-

166 854 298 917 rectoris
311 853 512 938 apertissime
525 855 559 915 in
571 872 608 915 eo
622 849 832 935 conspicitur,
853 849 949 936 quod,
963 847 1147 934 ubicunque
1159 848 1226 914 ulla
1238 848 1279 912 de
1293 869 1390 914 causa

166 974 230 1020 nou
247 954 352 1042 potuit
367 955 497 1019 uomina
514 953 644 1040 propria
660 954 785 1016 scaenis
806 941 1060 1038 superscribere,
1088 950 1130 1016 ad
1147 951 1238 1016 varia
1255 950 1390 1015 artificia

167 1057 321 1142 confugit.
339 1057 439 1122 veluti
454 1057 488 1120 in
504 1056 605 1121 Sticho
617 1055 728 1120 sabula
742 1055 793 1119 vel
806 1054 942 1118 Plautus
954 1054 1007 1118 vel
1019 1053 1074 1139 qui
1086 1065 1160 1141 post
1171 1053 1241 1118 eius
1253 1064 1389 1119 aetatem

166 1158 308 1223 fabulam
329 1159 516 1224 retractavit
528 1161 552 1244 ¹)
568 1180 725 1236 sororum,
742 1180 825 1245 quae
842 1158 876 1221 in
892 1179 1009 1221 scaena
1026 1158 1131 1244 prima
1153 1157 1390 1242 colloquuntur,

165 1260 296 1325 nomina
318 1261 400 1326 adeo
421 1283 487 1325 non
509 1261 647 1339 curavit,
678 1272 714 1325 ut
736 1262 837 1326 altera
859 1270 985 1324 tantum
1006 1260 1040 1323 in
1063 1260 1143 1345 ipsis
1167 1258 1315 1326 versibus
1339 1282 1389 1324 no

166 1364 252 1429 minc
280 1364 479 1452 appelletur,
508 1365 640 1429 alterius
670 1387 785 1429 nomen
808 1386 939 1450 prorsus
962 1363 1144 1429 reticeatur.
1187 1361 1276 1427 unde
1300 1362 1390 1427 vides

169 1488 305 1532 scaenae
327 1467 451 1554 primae
473 1468 507 1530 in
531 1467 709 1555 archetypo
730 1467 858 1532 titulum
880 1466 979 1530 fuisse
1008 1485 1143 1542 ‚sorores
1166 1464 1227 1543 lI‘,
1247 1464 1283 1529 id
1305 1465 1391 1549 qnod

170 1570 204 1633 in
219 1569 248 1634 P
266 1570 362 1634 hodic
385 1593 514 1654 quoque
536 1571 683 1658 legimus.
702 1553 768 1635 sed*
787 1569 917 1633 nomina
940 1566 1072 1654 propria
1094 1567 1264 1633 additurus
1287 1590 1391 1654 gram-

168 1672 306 1737 maticus
334 1673 561 1738 Palatinorum
590 1695 630 1738 ex
654 1696 706 1740 vv.
730 1673 792 1736 247
821 1683 852 1737 et
882 1671 944 1738 331
973 1670 1110 1734 alterum
1138 1691 1256 1735 nomen
1279 1670 1392 1749 ,Pane-

166 1777 268 1863 gyris‘
283 1788 370 1841 recte
387 1776 506 1854 elicuit,
529 1799 588 1861 pro
611 1776 712 1840 altem
736 1786 842 1840 autem
866 1773 1001 1862 proclivi
1025 1795 1134 1838 errore
1156 1772 1250 1858 pueri
1273 1794 1392 1838 nemen

167 1879 353 1959 ,Pinacium
361 1890 380 1956 ‘‚
420 1901 559 1963 quocum
595 1877 778 1964 Panegyris
815 1878 848 1941 iu
892 1898 1009 1941 scaeua
1048 1875 1087 1940 Π
1122 1875 1142 1938 2
1186 1874 1393 1963 colloquitur,

166 1983 305 2070 scripsit.
362 1982 599 2048 Ambrosianae
635 1993 742 2047 autem
781 1980 977 2045 recensionis
1019 1988 1133 2044 auctor
1172 1979 1252 2063 quid
1291 1969 1393 2046 fecit?

168 2108 313 2150 sororum
350 2087 495 2169 nomina,
541 2108 624 2172 quae
661 2083 754 2148 solito
791 2104 878 2147 more
922 2081 1155 2147 substituturus
1192 2092 1279 2160 erat,
1316 2104 1394 2147 cum

167 2189 200 2252 iu
223 2189 328 2275 prima
351 2210 467 2254 scaena
495 2210 558 2252 uon
581 2187 703 2272 legeret
732 2207 791 2250 nec
819 2185 1005 2272 diligentius
1032 2184 1229 2274 ultrauhauc
1256 2185 1395 2250 circum·

168 2290 320 2379 spiceret‚
350 2295 484 2375 antiqua
512 2290 719 2374 inscriptione
749 2310 880 2374 prorsus
902 2287 1029 2352 abiecta
1066 2287 1283 2353 audacissime
1306 2309 1396 2353 nova

168 2395 298 2459 nomina
322 2394 447 2459 effinxit
469 2392 674 2471 ,Philumena
689 2391 883 2477 Pamphila‘,
896 2390 1039 2455 Terentii
1059 2402 1093 2456 ut
1113 2389 1241 2455 videtur
1257 2380 1395 2469 memor,

168 2496 223 2585 qui
247 2497 296 2560 his
319 2497 503 2563 nominibus
526 2519 603 2561 usus
627 2507 683 2560 est.
729 2517 864 2582 quorum
888 2515 961 2558 cum
979 2515 1096 2557 nomeu
1116 2492 1321 2578 ‚Pamphila‘,
1343 2503 1397 2559 nt·

170 2610 245 2685 pote
268 2601 429 2664 meretrici
452 2609 577 2664 tantum
600 2622 663 2662 non
686 2597 812 2662 mulieri
828 2596 1070 2661 honestissimae
1094 2606 1215 2681 aptum,
1237 2617 1258 2660 a
1279 2595 1397 2661 limine

168 2702 366 2767 reiciendum
397 2702 452 2783 sit,
487 2701 702 2784 ,Philumena‘
735 2723 793 2786 per
825 2720 859 2763 se
892 2699 1027 2762 forsitan
1061 2698 1138 2762 ferri
1172 2706 1295 2787 posset,
1330 2699 1398 2765 nisi

170 2803 314 2868 mulieris
337 2825 374 2867 eo
398 2802 526 2867 nomine
547 2803 581 2867 in
603 2803 637 2868 A
660 2802 840 2888 appellatae
862 2823 974 2864 verum
997 2823 1113 2865 nomen
1135 2800 1339 2887 ‚Panegyris‘
1362 2815 1399 2866 et

168 2905 392 2971 Palatinorum
414 2904 508 2968 titulo
531 2915 562 2969 et
585 2927 636 2972 vv.
650 2904 721 2972 247.
737 2904 811 2982 331,
834 2904 953 2991 quihus
975 2904 1008 2967 in
1027 2903 1057 2967 A
1079 2925 1208 2990 quoque
1225 2914 1396 2970 servatum

170 3021 227 3086 est,
251 3008 338 3074 omni
360 3007 562 3072 dubitatione
581 3019 767 3092 exemptum
790 3019 881 3074 esset.
915 3008 980 3072 iam
999 3030 1076 3072 vero
1092 3006 1274 3071 memineris
1292 3007 1397 3073 velim

170 3133 283 3176 versus
312 3111 404 3176 Stich.
428 3109 507 3187 393,
537 3132 634 3194 quem
663 3134 692 3195 p.
716 3112 758 3175 40
786 3111 939 3188 tractavi,
973 3110 1030 3175 ubi
1057 3121 1169 3176 auctor
1194 3110 1395 3176 recensionis

170 3213 411 3278 Ambrosianaa
450 3213 578 3276 nomine
616 3211 886 3300 ,Pamphilippus‘
927 3205 1070 3278 remoto'
1089 3212 1261 3278 substituit
1286 3211 1395 3290 ,Pam·

170 3316 304 3403 philus‘:
341 3315 494 3398 numquis
535 3313 694 3380 dubitabit
727 3315 806 3399 quin
840 3315 961 3393 eidem,
1002 3315 1058 3399 qui
1095 3314 1324 3400 ,Pamphilam‘
1358 3316 1394 3380 in

170 3418 324 3484 Plautum
346 3418 492 3495 induxit,
521 3420 616 3482 ctiam
639 3417 803 3503 Pamphili
830 3439 947 3482 nomen
973 3426 1005 3481 ct
1031 3439 1143 3483 versus
1166 3418 1229 3485 393
1253 3418 1396 3483 metrica

173 3521 328 3585 correctio
351 3519 527 3587 debeatur?
568 3519 642 3585 vide
675 3541 773 3603 quam
807 3519 1010 3586 memorabili
1044 3521 1195 3608 exemplo
1213 3564 1216 3570 -
1236 3532 1396 3608 appareat

171 3632 383 3689 correctorem
412 3645 475 3687 non
503 3623 606 3688 solum
635 3621 742 3688 verbis
770 3635 882 3710 poetae
908 3622 1073 3688 mutandis
1101 3645 1232 3711 operam
1266 3623 1396 3690 dedisse

171 3725 228 3791 sed
257 3724 354 3790 etiam
383 3723 538 3789 eiusmodi
568 3747 623 3789 res
651 3723 783 3789 arbitrio
807 3748 865 3792 suo
893 3725 1084 3807 subiecisse;
1119 3737 1151 3791 et
1178 3726 1204 3791 si
1236 3726 1289 3790 vel
1317 3726 1398 3794 huic

172 3838 362 3915 argumento
384 3827 456 3911 quis
479 3827 575 3892 fidem
591 3827 806 3914 abrogaverit,
830 3851 895 3893 non
916 3830 1034 3915 poterit
1049 3829 1217 3918 refragari,
1241 3831 1269 3894 si
1292 3829 1396 3896 altero

171 3931 321 4017 exemplo
354 3931 450 3995 etiam
488 3931 637 4017 graviore
669 3953 774 4015 neque
802 3931 910 3996 adhuc
945 3944 978 3996 ut
1008 3932 1136 3998 videtur
1174 3930 1306 4020 cognito
1342 3935 1397 3998 de*

172 4037 392 4099 monstravero
428 4044 654 4114 correctorem,
686 4047 723 4098 ut
745 4035 915 4098 Trooulsntt'
941 4057 1090 4099 scaenam
1112 4034 1185 4099 111
1209 4056 1282 4098 oum
1307 4047 1399 4100 ante

173 4135 299 4201 cedenti
322 4138 545 4221 coniungeret,
575 4136 805 4201 violentissime
833 4158 895 4200 uon
928 4137 1032 4201 solum
1059 4136 1303 4220 inscriptionem
1325 4158 1398 4203 sus·

173 4239 297 4318 tulisse,
336 4237 393 4304 sed
421 4239 518 4302 etiam
549 4260 660 4303 versus
694 4239 911 4303 antecedentis
944 4252 1083 4305 metrum
1113 4249 1271 4317 mutasse3
1306 4242 1402 4327 qnod

174 4430 375 4440 ——u—--—

262 4563 281 4629 ¹)
300 4559 343 4614 De
361 4559 453 4615 Stichi
472 4556 603 4629 διασκευή
620 4559 657 4614 cl.
672 4558 940 4633 'Goetzii'proefi'p
957 4560 1010 4617 IX.
1025 4560 1091 4618 XV.
1189 4576 1192 4583 ’
