3120 5138
759 293 801 361 29

256 496 382 584 Quibus
404 500 544 587 quanti
567 511 691 568 montes
709 503 864 581 maxumi,
887 502 1040 570 frumenti
1058 503 1166 569 acervi
1188 504 1390 573 suntdomi.‘

132 592 137 600 ’
167 602 227 666 sed
250 624 354 691 neque
377 603 431 667 via
453 624 492 667 ae
514 603 637 669 ratione
659 603 746 669 hanc
767 607 984 672 coniecturam
1012 607 1089 672 fecit
1124 619 1157 672 et
1183 607 1246 674 bac
1268 630 1394 696 compa

167 707 292 771 ratione
314 705 472 771 montium
500 727 573 771 eum
596 707 721 773 acervis
750 709 903 774 frumenti
931 708 1064 774 inducta
1091 708 1208 775 mirum
1238 722 1395 798 quantum

167 809 238 873 vim
267 829 306 874 ac
336 808 482 893 vigorem
517 810 694 875 sententies
727 811 868 898 infregit
922 812 964 875 cf.
992 811 1090 876 etiem
1117 812 1188 877 Mil.
1209 813 1286 898 glor.
1313 813 1395 880 1065

167 912 319 998 ,Argenti
341 900 476 995 montes,
494 933 560 978 non
580 934 704 978 massas
720 913 830 981 habet‘
864 915 954 979 Most.
972 913 1035 979 352
1067 916 1231 992 ,maeroris
1252 931 1395 983 montem

336 1117 431 1184 ,245

211 1221 260 1285 A:
283 1219 350 1306 Qui
371 1221 412 1286 de
434 1219 618 1286 thensauris
641 1219 776 1308 integris
799 1219 929 1287 demum
945 1231 1113 1309 -oggeruut

210 1321 256 1388 P:
279 1321 344 1408 Qui
366 1322 407 1390 de
428 1323 612 1391 thensauris
634 1323 770 1410 integris
794 1323 906 1391 demus
929 1323 1064 1390 danunt.

253 1425 308 1491 Ex
342 1428 424 1492 mira
453 1426 641 1513 Niemeyeri
674 1427 715 1492 de
737 1427 798 1492 hoc
829 1426 900 1491 loco
933 1425 1151 1513 disputatione
1180 1426 1242 1492 boc
1267 1437 1394 1493 tantum

167 1527 270 1594 affero
296 1530 431 1597 verbum
460 1542 603 1616 oggerum
633 1551 704 1594 esse
731 1528 844 1608 ‚multo
871 1528 1107 1616 significantius
1140 1551 1239 1617 quam
1260 1527 1395 1597 verbum

165 1629 279 1710 dandi,
301 1632 335 1696 in
357 1632 444 1720 quod
467 1644 679 1700 correctorem
701 1632 852 1698 incidisse
880 1653 946 1696 non
970 1632 1088 1698 mirum
1110 1631 1179 1709 sit‘3
1215 1632 1308 1719 qnasi
1330 1654 1395 1697 non

166 1735 267 1799 etism
291 1734 420 1803 facilius
447 1746 609 1802 corrector
636 1734 846 1801 Ambrosiani
874 1746 1019 1820 aggerunt
1048 1755 1090 1799 ex
1111 1727 1395 1822 v.103(oggerit)

167 1836 224 1901 rel
238 1837 298 1902 112
315 1840 493 1926 (arserimus
508 1839 541 1904 A
556 1842 727 1926 argerimus
741 1837 784 1925 P)
800 1836 989 1922 depromere
1005 1836 1155 1922 potuerit,
1171 1836 1259 1920 quod
1272 1836 1396 1903 indicat

169 1939 377 2020 Schoellius3
405 1942 493 2026 quod
515 1964 592 2007 vero
613 1944 751 2007 formam
782 1940 949 2025 antiquam
976 1938 1064 2004 haud
1093 1949 1281 2006 cunctanter
1301 1941 1396 2007 iuter·

169 2042 308 2133 polatori
340 2044 462 2123 tribuit,
500 2044 562 2111 hoc
590 2044 656 2110 noli
684 2043 794 2109 mirari
827 2042 861 2107 in
894 2041 1108 2127 Niemeyero,
1144 2042 1202 2127 qui
1229 2064 1271 2107 ex
1308 2043 1394 2108 Trito.
1516 2085 1518 2090 -

168 2167 224 2210 vv.
247 2145 312 2210 248
345 2159 377 2211 et
410 2146 473 2212 249
507 2146 659 2213 didicisse
693 2169 728 2213 se
761 2145 807 2212 ait
838 2146 886 2233 (p.
907 2144 964 2232 51)
996 2142 1171 2210 Palatinae
1197 2144 1394 2211 recensionis

168 2259 335 2314 auctorem
369 2249 467 2315 etiam
495 2249 641 2316 obsoleta
667 2251 773 2317 forms
794 2271 889 2315 usum
911 2269 997 2331 esse,
1032 2255 1068 2314 nt
1099 2246 1237 2336 probum
1264 2258 1394 2316 versum

169 2349 320 2416 efficeret
368 2373 465 2438 porro
504 2353 592 2438 quod
628 2355 732 2418 denus
760 2354 898 2418 formam
933 2351 1163 2440 perantiquam.
1198 2353 1254 2439 (cf.
1285 2351 1393 2417 Paul.

167 2475 201 2540 p.
225 2453 315 2541 tus)
336 2476 430 2521 casu
456 2456 489 2520 in
513 2458 634 2521 demum
656 2456 773 2521 abiisse
796 2453 976 2533 contendit,
1004 2454 1101 2520 facile
1129 2454 1160 2520 ei
1186 2455 1389 2542 largiremur,

167 2556 232 2621 nisi
260 2556 339 2622 haec
366 2559 502 2626 mutatio
535 2559 597 2625 boc
630 2558 701 2625 loeo
733 2557 802 2624 fieri
831 2555 1013 2636 deberet,
1047 2567 1084 2624 ut
1116 2557 1247 2623 omnino
1280 2577 1392 2627 versus
1456 2607 1461 2615 .

168 2670 265 2725 mere>
286 2661 398 2746 possit.
446 2663 612 2748 graviores
646 2673 753 2728 autem
787 2659 1005 2727 dubitationes
1049 2671 1220 2727 moverunt
1258 2659 1392 2727 Brixiae

167 2762 400 2830 Fleckeisenns
414 2762 609 2851 Irangenus3
636 2764 789 2849 quoniam
804 2763 888 2828 enim
905 2763 977 2828 voci
994 2764 1116 2828 demam
1130 2763 1221 2850 apud
1236 2758 1392 2830 Plautum

167 2865 301 2951 quidem
321 2865 418 2933 unica
432 2866 626 2955 significatio
648 2878 707 2932 eret
721 2865 921 2952 assignanda
944 2875 1001 2948 est,
1032 2864 1119 2930 hanc
1132 2888 1243 2932 vocem
1261 2865 1392 2932 omnino

167 2969 324 3035 damnant
352 2969 452 3035 etad
485 2969 686 3036 coniecturas
709 2969 916 3057 confugiunt:
939 2968 1170 3036 Fleckeisenus
1198 2968 1392 3034 assentiente

166 3071 325 3159 langero
357 3072 518 3160 (Beitrdge
550 3095 581 3158 p.
598 3071 690 3159 ⁴305)
717 3071 862 3139 scribens
899 3070 1045 3150 ,demunt
1077 3071 1223 3150 danunt,
1260 3071 1392 3141 Brixius

168 3177 251 3240 doec
279 3176 331 3241 vel
355 3177 478 3263 dempto
506 3175 755 3252 commendans3
782 3196 921 3260 quorum
948 3171 1166 3240 dubitationes
1196 3195 1302 3259 neque
1330 3195 1391 3262 ego

167 3277 364 3367 redarguere
375 3300 508 3366 possum
522 3266 584 3349 nee
593 3277 753 3346 refutavit
766 3275 949 3344 Schoellius
964 3275 1066 3342 ascito
1081 3277 1195 3342 Buccis
1212 3299 1244 3341 v.
1261 3276 1327 3342 270
1339 3298 1388 3364 sq.

168 3379 350 3457 ,damnans
377 3381 509 3449 demum
528 3381 717 3471 ricoactus
739 3379 901 3457 reddidit‘,
929 3400 993 3466 quo
1014 3376 1086 3445 ioco
1108 3400 1221 3446 vereor
1243 3389 1280 3446 ut
1301 3378 1389 3465 quio-

168 3505 268 3568 qnam
301 3485 422 3571 probet.
431 3486 459 3572 ¹)
512 3494 656 3550 ettamen
693 3483 762 3549 sive
794 3482 875 3548 baec
908 3504 972 3548 vox
1009 3481 1203 3568 interpolata
1231 3494 1294 3548 est·
1318 3483 1388 3549 sive

166 3585 311 3673 genuina
348 3588 468 3675 (neque
507 3587 592 3653 enim
630 3577 692 3674 ego
731 3586 838 3652 locum
876 3583 1060 3651 coniectura
1099 3595 1222 3651 tentare
1260 3585 1388 3672 ausim),

167 3690 230 3756 boc
260 3688 340 3753 mibi
367 3688 498 3774 quidem
526 3700 666 3772 constat,
701 3688 854 3775 quoniam
881 3687 915 3753 iu
938 3687 1117 3773 archetypo
1144 3687 1312 3773 utriusque
1343 3709 1390 3754 re·

168 3792 327 3859 censionis
353 3793 454 3861 fnisse
480 3795 584 3858 demus
610 3793 668 3858 vix
695 3790 830 3860 dubium
856 3801 921 3871 est,
954 3811 1029 3859 cnm
1061 3811 1143 3874 eum,
1171 3788 1227 3877 qui
1245 3804 1390 3879 oggerum

165 3897 388 3986 interpolavit,
419 3898 512 3963 metri
533 3897 640 3985 gratia
665 3898 769 3962 deroso
795 3895 830 3962 in
861 3897 982 3961 demam
1015 3903 1187 3978 mutasse,
1205 3906 1273 3962 tum
1297 3891 1388 3960 verbi

166 4002 286 4064 donam
312 4000 470 4089 originem
501 3999 691 4068 Plautinam
717 4020 756 4064 eo
784 3997 981 4076 confirmari,
1012 3997 1100 4081 quod
1128 3997 1222 4063 iuxta
1251 3995 1387 4064 verbnm

166 4114 312 4190 aggerunt
333 4096 443 4192 prisca
466 4103 571 4170 forma
605 4104 709 4168 demus
732 4101 856 4168 servari
876 4122 940 4167 non
970 4109 1086 4187 potest
1129 4097 1260 4169 videtur
1278 4108 1388 4167 autem

254 4362 275 4429 ¹)
300 4358 470 4415 Baehrensio
495 4357 600 4430 (Flecte
623 4360 690 4415 Ass
719 4359 784 4416 1882
809 4377 837 4431 p.
864 4359 927 4428 tte)
954 4356 1012 4429 ,qni
1037 4356 1072 4412 de
1089 4356 1207 4428 integris
1232 4354 1390 4429 thensauris

165 4443 276 4501 denuo
298 4447 449 4517 oggerent‘
475 4444 610 4500 scribenti
637 4444 739 4501 sitium
760 4445 910 4500 metricum
935 4443 1089 4514 subrepsit3
1103 4442 1144 4498 ef.
1163 4439 1260 4497 *Isrchs
1286 4441 1392 4506 Quaen

164 4539 239 4588 mes.
256 4530 395 4602 (Stedem.
411 4532 477 4588 stra
495 4530 522 4601 Ι)
541 4548 569 4602 p.
587 4532 611 4589 7.
1081 4550 1083 4554 ’
1354 4544 1357 4548 ’
