3120 5138
843 283 864 346 8

239 490 365 552 sionum
385 487 598 567 diversitates,
620 486 676 551 ubi
699 487 778 551 satis
799 486 894 551 firma
914 487 1026 552 iudicii
1041 487 1253 553 frmdamenta
1267 510 1331 552 non
1346 512 1460 576 suppe-

239 589 363 666 tebant,
385 610 482 676 saepe
502 589 646 653 indicare
668 591 747 653 satis
768 589 910 666 haberet,
932 612 1025 653 snam
1046 612 1123 656 vero
1145 590 1247 678 ipsius
1267 591 1461 656 sententiam

242 713 457 780 praepropere
479 691 605 779 aperire
627 678 801 780 prudenter
822 692 949 759 vitaret

324 793 439 859 'l'otius
464 817 542 859 vero
563 795 762 878 quaestionis
783 795 973 874 solvendae,
1015 794 1057 859 ad
1083 817 1181 879 quam
1218 794 1463 861 Studemnndus

239 897 375 983 aggredi
407 895 524 973 noluit,
567 897 747 1005 pericplum
783 898 861 963 fecit
897 897 1141 965 Maximilianus
1181 897 1437 984 Niemeyer'
1427 922 1462 962 m

239 999 461 1064 dissertatione
495 967 697 1064 Berolinerisi
739 1003 778 1065 dc
803 1003 913 1066 Planci
936 1002 1118 1088 fabulantis
1144 1004 1309 1065 recensione
1347 1003 1465 1088 duplici

240 1102 376 1168 a1877
404 1102 540 1187 scripta,
567 1101 613 1164 ita
643 1102 789 1219 quidem,
818 1117 856 1168 ut
881 1126 1001 1191 magno
1026 1103 1206 1168 locorum
1195 1127 1229 1167 m
1259 1104 1362 1169 altera
1387 1116 1461 1169 utra

239 1204 390 1268 codicum
427 1203 552 1268 familia
588 1205 808 1270 recensionem
851 1206 1056 1293 prodentium
1099 1229 1234 1272 nurnero
1277 1208 1463 1273 examinato

241 1306 480 1372 Ambrosianae
502 1307 698 1372 recensionis
725 1308 955 1394 praestantiam
981 1308 1176 1375 defenderet.
1226 1310 1283 1394 qui
1313 1311 1462 1397 quamvis

241 1410 398 1476 nonnulla
419 1411 568 1475 videatur
589 1410 671 1474 bene
684 1409 939 1488 administrasse,
960 1422 1067 1476 tamen
1084 1423 1116 1477 et
1130 1412 1230 1476 nimio
1243 1412 1463 1478 Ambrosiano

241 1513 463 1602 patrocinandi
501 1514 608 1578 studio
644 1513 852 1602 praepeditus
892 1526 923 1578 et
960 1515 1115 1578 sermonis
1158 1515 1463 1603 consuetudinisque

239 1617 411 1682 Plautinae
444 1639 559 1702 parum
592 1617 737 1682 curiosus
765 1641 785 1681 a
811 1629 899 1682 recta
931 1617 1220 1702 argumentationis
1249 1618 1304 1682 via
1331 1619 1462 1706 saepius

241 1719 420 1797 aberravit;
453 1720 545 1783 cuius
572 1719 619 1782 rei
649 1720 799 1807 exempla
820 1721 892 1807 ipsa
914 1720 996 1784 haec
1017 1720 1243 1787 commentatio
1264 1720 1367 1784 multa
1389 1721 1462 1785 sub·

241 1823 446 1892 ministrabit.

325 1927 442 1991 Restat
474 1940 511 1989 ut
541 1924 702 2010 quomodo
738 1925 808 2012 ipse
841 1947 908 1989 rem
942 1924 1135 1989 instituerim
1167 1923 1281 2009 paucis
1312 1923 1463 1989 indicem.

245 2046 342 2114 atque
364 2028 452 2113 quod
474 2051 494 2091 a
513 2027 744 2114 disceptatione
766 2026 882 2092 seclusi
900 2048 1004 2112 paene
1021 2048 1133 2092 omnes
1155 2049 1267 2092 aarum
1280 2027 1464 2092 fabularum

240 2132 345 2208 locos,
377 2153 461 2215 qnae
483 2153 503 2193 a
524 2130 702 2195 Ritschelio
729 2132 901 2217 operisque
928 2130 1023 2194 sociis
1051 2129 1137 2194 iusto
1158 2143 1319 2215 apparatu
1352 2130 1464 2194 critico

240 2236 415 2298 instructae
442 2232 585 2297 nondum
618 2231 824 2318 prodierunt,
855 2231 1067 2317 Captivorum
1096 2231 1235 2297 Oasinae
1262 2231 1464 2299 Cistellariae

240 2336 413 2412 Rudentis‚
452 2349 701 2401 consentaneum
744 2347 802 2400 est
861 2337 1058 2419 reliquarum
1098 2336 1131 2398 in
1174 2358 1311 2402 examen
1349 2338 1464 2402 vocavi

241 2462 352 2502 omnes
381 2460 511 2515 versus,
547 2438 605 2504 ubi
633 2438 667 2502 A
695 2452 727 2502 et
755 2439 785 2503 P
813 2439 961 2503 codicum
990 2438 1226 2527 discrepantiae
1252 2463 1326 2506 cum
1355 2441 1464 2528 aliqua

242 2540 470 2626 probabilitate
503 2563 546 2606 ex
578 2541 763 2606 recensione
797 2543 829 2604 in
864 2540 964 2603 altera
998 2551 1073 2604 utra
1104 2541 1229 2606 familia
1260 2543 1347 2606 facta
1381 2543 1463 2607 deri·

242 2644 312 2733 vari
351 2655 499 2729 poterant
539 2644 679 2709 exclusis
717 2643 758 2707 iis
790 2643 994 2720 differentiis,
1034 2666 1118 2729 quae
1155 2645 1264 2709 verbis
1299 2667 1362 2709 non
1395 2668 1462 2709 mu-

241 2748 317 2811 tatis
345 2747 380 2811 in
407 2748 476 2812 sola
503 2770 656 2811 versuum
682 2746 953 2831 discriptione
980 2747 1230 2831 conspiciuntur.
1286 2748 1331 2811 ita
1353 2759 1461 2813 autem

241 2850 410 2914 materiam
427 2850 594 2915 collectam
612 2850 767 2935 disposui,
784 2860 819 2914 ut
829 2851 969 2935 primum
981 2863 1079 2934 caput
1089 2850 1308 2927 Ambrosiam,
1324 2851 1462 2915 alterum

241 2951 464 3017 Palatinorum
501 2953 682 3031 recensioni
714 2951 915 3017 attribuerim
946 2953 1194 3039 grammaticae,
1234 2975 1299 3039 quo
1332 2952 1461 3017 nomine

242 3056 455 3120 correctiones
478 3057 644 3136 metricas,
668 3055 892 3143 prosodiacas,
914 3054 957 3120 ob
980 3054 1148 3139 archetypi
1173 3053 1306 3119 lacunas
1334 3067 1391 3118 aut
1421 3055 1463 3118 ad

242 3158 434 3221 sententiam
462 3159 687 3242 corrigendam
714 3158 894 3234 institutas,
916 3157 1056 3244 denique
1077 3157 1207 3242 proprie
1234 3157 1463 3244 grammaticas

246 3261 494 3346 comprehendo.
559 3261 594 3324 in
634 3261 728 3325 tertio
771 3260 877 3345 capite
913 3260 1053 3345 primum
1088 3259 1128 3324 de
1164 3282 1355 3326 scaenarum
1389 3282 1462 3325 cum

242 3362 505 3447 inscriptionibus
532 3374 601 3428 tum
629 3362 887 3429 distinctionibus
915 3384 973 3449 per
1003 3364 1205 3427 recensiones
1236 3363 1371 3427 diversis
1402 3364 1463 3427 dis-

242 3463 425 3549 putabitur,
464 3463 581 3528 deinde
619 3464 812 3549 colligentur
838 3464 861 3528 ii
892 3464 968 3542 loci,
1007 3463 1124 3551 quibus
1152 3477 1184 3529 et
1210 3466 1464 3531 Ambrosianum

244 3586 275 3631 et
304 3567 465 3631 Palatinos
496 3589 537 3630 ex
563 3567 699 3631 diversis
727 3567 920 3632 histrionum
940 3567 1178 3653 exemplaribus
1207 3567 1369 3634 derivatos
1393 3589 1463 3632 esse

247 3669 454 3757 intellegitur.
503 3681 654 3757 quartum
682 3668 864 3734 versabitur
890 3669 923 3733 in
951 3691 1061 3734 eorum
1084 3669 1226 3734 locorum
1250 3670 1463 3748 enarratione,

244 3772 361 3860 quibos
395 3773 456 3837 viri
490 3771 575 3836 docti
603 3772 776 3837 lectionum
811 3769 1044 3856 discrepantias
1072 3794 1113 3836 ex
1142 3771 1327 3836 recensendi
1356 3770 1463 3837 studio

244 3875 325 3940 falso
349 3875 577 3961 repetiverunt
621 3880 704 3958 quae
719 3897 760 3939 ex
783 3874 933 3938 universa
950 3873 1167 3959 disputatione
1182 3873 1360 3960 prodierint
1374 3874 1463 3960 leges

245 3978 386 4058 criticae,
408 3978 442 4042 in
464 3978 577 4065 quinto
598 3976 739 4042 breviter
756 3977 1056 4061 comprehendetur.
