3120 5138
657 39 718 95 123

66 233 196 299 ibone?‘
219 246 286 298 tum
310 243 436 299 tantum
458 234 567 299 locum
596 256 683 312 esse,
711 234 739 299 si
760 234 981 322 Epignomum
1003 234 1135 303 Stichus
1162 257 1293 302 movere

66 334 212 414 volebat,
247 350 281 401 ut
309 359 342 401 se
372 336 412 400 ad
441 358 554 401 cenam
581 337 742 406 invitaret.
793 338 932 422 denique
959 338 1046 422 quod
1078 337 1292 426 Epignomus,

64 461 267 526 quamquam
299 439 356 517 ,nil
391 462 498 504 moror
528 440 611 505 hanc
638 453 716 506 rem‘
751 441 850 516 dixit,
884 453 990 505 tamen
1018 441 1198 527 interrogat
1225 439 1293 527 ‚ubi

63 565 165 608 cenas
189 542 329 620 hodie?‘,
363 544 434 607 usui
459 542 611 609 Plautino
640 566 738 627 quam
767 543 907 608 maxime
931 544 1127 609 contrarium
1157 557 1214 608 est.
1258 544 1292 609 in

62 645 204 730 singulis
227 656 335 711 autern
364 644 471 710 verbis
498 645 614 711 horum
640 668 792 712 versuum
821 656 934 711 auctor
956 667 997 710 ex
1028 647 1292 713 antecedentibus

60 761 94 812 et
118 747 328 832 sequentibus
353 748 499 813 versibus
520 749 681 832 quaedam
710 760 874 817 mutuatus
898 760 963 826 est3
991 751 1031 814 cf.
1053 772 1084 813 v.
1107 749 1171 814 429
1202 749 1293 827 ,nihil

62 862 185 915 moror‘
204 872 278 916 cum
300 851 364 915 424
386 863 428 930 ,te
450 851 530 915 nihil
552 864 687 930 moror‘3
710 875 740 916 v.
765 852 828 918 428
851 850 904 929 ,ad
927 873 1042 918 cenam
1064 851 1194 917 ibone?‘
1218 874 1291 918 cum

61 941 131 1020 430
158 952 224 1031 ‚ubi
247 976 344 1019 cenas
361 954 489 1019 hodie?‘
512 978 541 1023 v.
558 955 621 1021 429
644 957 701 1033 ,sio
721 955 783 1019 hoc
805 954 927 1040 placet‘
951 976 1025 1020 cum
1039 954 1104 1020 430
1126 955 1184 1035 ,sic
1207 954 1291 1019 hanc

67 1060 229 1125 rationem
251 1057 374 1122 institi‘.

152 1160 346 1228 Gravissimi
370 1173 477 1225 autem
494 1159 647 1224 momenti
669 1170 744 1224 sunt
768 1183 820 1222 vv.
835 1159 1030 1236 441-445,
1052 1181 1117 1244 quo
1131 1159 1204 1225 loco
1226 1159 1290 1224 iam

62 1263 265 1330 Ritschelius
309 1263 456 1340 ‚duarum
494 1262 716 1327 recensionem
753 1274 861 1347 partes
904 1262 1140 1350 παραλλήλουςι
1183 1261 1294 1328 haberi

63 1367 250 1453 suspicatus
273 1379 330 1434 est.
374 1365 540 1431 Palatinos
562 1367 590 1429 si
613 1365 791 1449 sequimur,
815 1364 861 1428 sic
886 1364 1016 1430 Stichus
1040 1366 1289 1431 sermocinatur:

107 1468 172 1533 437
205 1468 277 1533 Iam
300 1466 408 1532 hercle
430 1488 491 1553 ego
514 1489 572 1550 per
588 1466 717 1532 hortum
738 1466 780 1531 ad
804 1467 941 1532 amicam
964 1467 1107 1533 transibo
1134 1490 1249 1547 meam,

207 1569 252 1634 Mi
274 1569 359 1634 hanc
379 1580 576 1654 occupatum
599 1581 742 1634 noctem:
766 1569 877 1633 eadem
901 1569 1082 1635 sumbolam

206 1670 301 1738 Dabo
322 1683 354 1737 et
376 1670 492 1738 iubebo
513 1672 556 1737 ad
579 1671 774 1757 Sagarinum
798 1694 911 1736 cenam
932 1673 1038 1757 coqui,

108 1775 173 1843 440
204 1775 275 1840 Aut
298 1787 425 1862 egomet
446 1774 500 1840 ibo
522 1788 619 1861 atque
642 1772 805 1840 obsonabo
829 1775 1009 1841 obsonium.

108 1878 172 1944 446
205 1878 317 1962 Atque
339 1877 373 1942 id
396 1900 436 1942 ne
460 1901 516 1945 vos
540 1877 711 1956 miremini,
736 1878 881 1944 homines
904 1878 1046 1943 servolos

207 1981 338 2059 Potare,
363 2003 472 2045 amare
495 1990 593 2068 atque
616 1982 657 2046 ad
680 2003 792 2047 cenam
817 1982 1002 2048 condicere:

206 2082 300 2148 Licet
323 2083 403 2148 haec
426 2083 566 2148 Athenis
589 2082 691 2150 nobis.

62 2199 141 2274 apte
163 2200 195 2251 et
217 2186 372 2252 concinne
401 2186 491 2252 vides
519 2187 695 2252 sententias
724 2187 907 2273 procedere.
958 2199 992 2252 at
1014 2186 1049 2251 A
1078 2198 1150 2272 post
1176 2208 1205 2250 v.
1228 2185 1293 2250 440

63 2288 211 2378 quinque
251 2308 364 2352 versus
398 2284 511 2366 habet,
545 2310 626 2372 quos
659 2310 700 2353 ex
733 2288 772 2354 F.
802 2287 921 2354 Leonis
951 2289 987 2375 (l.
1011 2294 1053 2368 c.)
1088 2286 1290 2353 restitutione

62 2412 231 2479 apponere
253 2390 358 2456 iuvat:

108 2493 171 2560 441
205 2493 395 2579 Saganam,
418 2514 517 2579 quom
538 2491 604 2556 iam
626 2492 680 2557 hic
702 2492 807 2557 aderit
830 2514 904 2556 cum
927 2491 1059 2558 domino
1082 2515 1150 2568 suo,

206 2596 322 2663 Servos
345 2595 451 2672 homo,
475 2593 592 2682 quibus
615 2595 643 2660 ei
667 2593 810 2660 obseram
833 2617 946 2660 cenam
970 2595 1096 2664 modis?

205 2698 435 2765 Advorsitores
461 2699 526 2763 duo
549 2720 622 2764 cum
646 2696 832 2764 verberibus
856 2697 950 2763 decet

204 2801 298 2880 Dari,
325 2801 448 2867 utiam
470 2799 709 2867 verberabundi
733 2823 807 2866 eum
830 2800 994 2867 adducant
1015 2801 1156 2868 domum.

109 2907 174 2973 445
206 2901 326 2972 Parata
348 2928 399 2970 res
422 2905 540 2970 faciam
562 2915 599 2969 ut
621 2904 671 2970 sit.
715 2917 843 2989 egomet
865 2927 915 2969 me
939 2927 1054 2970 moror.

61 3031 200 3074 manum
239 3008 401 3073 histrionis
439 3006 712 3092 interpolatricem
757 3007 961 3071 manifestam
1006 3006 1288 3092 deprehendimus.

62 3133 179 3176 versus
202 3111 277 3178 443.
292 3111 356 3175 444
380 3120 632 3175 consentaneum
655 3119 703 3172 est
721 3107 786 3172 dici
803 3130 864 3172 non
883 3131 986 3196 posse,
1009 3109 1071 3174 nisi
1088 3109 1171 3193 quis,
1195 3132 1291 3194 quem

60 3214 130 3278 iam
163 3213 288 3298 pridem
322 3212 494 3278 advenisse
526 3220 669 3297 oportet,
703 3212 823 3277 frustra
857 3221 1058 3297 expectatur.
1113 3212 1291 3297 Sagaristio

63 3327 175 3381 autem
204 3338 223 3379 a
246 3315 359 3383 Sticho
389 3337 475 3379 nune
503 3314 634 3401 quidem
660 3314 791 3379 omnino
819 3337 881 3379 non
910 3327 1111 3402 expectatur.
1161 3315 1291 3379 manda-

63 3433 157 3483 verat
180 3418 265 3483 enim
288 3417 400 3485 Sticho
422 3427 458 3481 ut
481 3417 522 3482 ad
538 3417 752 3502 Stephanium
773 3418 843 3495 iret,
874 3419 941 3483 suis
970 3416 1077 3482 verbis
1101 3418 1239 3483 salutem
1261 3418 1291 3482 ei

62 3521 307 3607 adventumque
342 3522 517 3585 instantem
552 3520 730 3604 nuntiaret,
768 3520 907 3607 denique
941 3542 1053 3585 cenam
1088 3519 1289 3604 coquendam

61 3636 210 3702 curaret3
234 3625 274 3692 cf.
291 3646 321 3686 v.
337 3623 400 3689 652
418 3644 487 3709 sqq.
504 3622 697 3688 432-439.
723 3645 860 3709 quorum
882 3646 956 3688 cum
976 3622 1136 3687 nihildum
1159 3611 1289 3690 Stichus

61 3725 235 3814 perfecerit
257 3726 352 3791 modo
375 3725 443 3810 ipse
467 3745 624 3802 reversus,
648 3725 703 3812 qui
723 3724 852 3789 tandem
868 3725 1097 3811 Sagaristionis
1114 3725 1290 3789 adventum

66 3829 134 3894 iam
157 3848 243 3894 nunc
265 3839 332 3893 tam
349 3827 557 3892 vehementer
579 3837 736 3915 exoptare
752 3830 886 3913 potest?
908 3849 983 3892 ecoe
998 3827 1121 3905 histrio,
1137 3826 1194 3911 qui
1216 3848 1289 3890 oum

62 3931 157 3997 novis
179 3931 303 3996 facetiis
318 3928 416 3995 illatis
431 3929 634 3996 audientium
648 3929 747 3995 risum
764 3931 908 3996 excitare
926 3931 1063 4007 studeat,
1088 3951 1195 3994 rerum
1218 3951 1290 3993 con-

61 4033 200 4100 dicionis
235 4057 300 4099 non
333 4055 460 4122 semper
493 4033 572 4098 satis
605 4032 751 4100 curiosus
785 4035 850 4099 est!
885 4056 958 4099 cum
987 4032 1105 4118 quibus
1139 4029 1289 4096 versibus

52 4145 189 4202 eeteros
213 4160 277 4204 una
293 4136 494 4202 damnandos
517 4157 586 4200 esse
602 4158 705 4223 paene
721 4148 971 4203 consentaneum
989 4148 1046 4201 est.
1079 4133 1289 4221 interrogatio

61 4239 150 4306 euim
172 4238 300 4325 ‚quibus
322 4238 426 4304 modis
442 4239 472 4304 ei
494 4238 627 4303 offeram
644 4237 793 4304 cenam?‘
816 4238 1020 4327 ineptissima
1041 4247 1100 4316 est,
1117 4259 1191 4303 oum
1213 4259 1290 4323 quo-
