3120 5138
681 336 883 438 „Aoo-

167 538 216 604 vit
240 538 307 604 veri
328 561 440 606 versus
462 538 607 606 Plautini
629 542 783 627 reliquias
805 541 934 632 prodire
957 563 998 608 ex
1021 541 1110 609 Festi
1131 566 1163 630 p.
1184 545 1244 614 161
1267 545 1391 613 laciniis

167 641 270 721 ,Huic
293 641 441 732 hom[-]
465 643 550 708 dixit
572 643 658 709 domi
675 655 706 710 et
721 644 840 735 ap[—]
862 644 950 710 niam
972 655 1061 725 esto‘,
1085 669 1166 734 quas
1184 648 1231 713 sic
1253 649 1390 737 supplet,

166 755 206 812 ut
227 744 343 812 Festus
368 745 517 811 citaverit
541 767 670 813 versum
700 748 801 831 ,Huic
824 747 962 836 hom[ini
984 750 1106 814 amanti
1133 771 1205 815 mea
1227 772 1282 816 era
1304 752 1391 837 apud

167 870 228 912 nos
250 847 414 936 naeniam]
438 847 521 913 dixit
544 848 641 915 domi‘
664 861 697 915 et
719 854 820 919 verba
842 852 993 938 proxima
1015 860 1058 930 ,et
1080 850 1232 940 ap[ud-
1245 852 1389 942 ne]niam

166 960 247 1016 esto‘
280 950 321 1014 ad
352 950 451 1016 alium
481 951 563 1017 alius
592 954 757 1040 scriptoris
793 976 922 1020 versum
954 954 1146 1038 pertineant.
1197 954 1285 1039 quod
1312 979 1390 1023 num

167 1064 256 1119 recte
279 1054 391 1119 fecerit
412 1075 498 1120 nunc
520 1055 593 1121 nolo
616 1057 812 1124 examinare.

212 1158 324 1222 Pseud.
347 1156 388 1223 52
412 1155 503 1222 Leno
525 1180 576 1222 me
599 1180 734 1246 peregre
756 1158 848 1224 militi
872 1157 1065 1223 Macedonio

343 1261 389 1324 A:
411 1259 510 1325 Minis
534 1260 661 1346 viginti,
686 1282 758 1326 mea
781 1261 940 1347 voluptas,
964 1258 1109 1325 vendidit

344 1361 388 1427 P:
410 1362 509 1428 Minis
532 1363 649 1449 viginti
673 1363 828 1442 vendidit,
851 1363 1000 1449 voluptas
1021 1384 1103 1430 mea.

167 1464 270 1530 sicine
296 1465 480 1552 putabimus
506 1467 539 1530 in
566 1464 741 1531 alterautra
768 1467 952 1531 recensione
980 1465 1227 1551 grammaticum
1250 1477 1391 1535 mutasse

167 1570 321 1636 versum?
344 1590 451 1634 nonne
473 1571 542 1633 veri
558 1567 694 1634 similius
718 1579 766 1634 est
788 1569 975 1634 histrionem
997 1578 1033 1634 ut
1055 1567 1173 1633 vitaret
1189 1569 1386 1654 asperiorem

166 1669 462 1757 pronuntiationem
508 1669 672 1759 ,volriptrts
719 1685 802 1737 mea‘
844 1669 1078 1757 transposuisse
1121 1692 1204 1749 ‚mea
1244 1671 1392 1761 voluptas

166 1771 334 1838 vendidit‘.

211 1878 293 1941 Meo
317 1875 380 1940 226
402 1876 447 1941 A:
470 1874 630 1964 Voluptas
652 1875 772 1942 nullast
793 1876 923 1956 navitis,
945 1874 1106 1942 Messenio

401 1978 444 2044 P:
468 1979 600 2046 Nullast
623 1981 772 2065 voluptas
794 1979 922 2062 navitis,
944 1977 1115 2058 Messenio,

166 2082 224 2148 ubi
258 2104 298 2147 ex
328 2082 439 2147 codice
468 2083 609 2166 quodam
636 2081 874 2148 Ambrosianae
911 2082 1106 2147 recensionis
1141 2082 1247 2149 hausit
1278 2082 1389 2149 Irutat.

164 2185 291 2252 Placid.
314 2185 346 2251 in
370 2185 451 2253 Stat.
479 2187 566 2251 Theb.
590 2185 628 2250 II
652 2185 723 2250 194.

210 2290 280 2354 Mil.
302 2290 378 2376 plor.
404 2290 487 2358 1430
507 2288 550 2356 P:
574 2286 751 2378 Nam[que]
759 2287 786 2375 1)
803 2286 879 2365 illio,
895 2287 951 2372 qui
967 2286 1077 2354 lanam
1091 2286 1133 2352 ob
1149 2286 1280 2353 oculum
1296 2286 1392 2354 habe-

933 2389 999 2468 bat,
1022 2399 1121 2456 nauta
1142 2411 1206 2455 non
1230 2400 1299 2455 erat

511 2495 560 2558 A:
582 2491 765 2582 Nam[que]
799 2491 881 2572 illic,
915 2492 971 2579 qui
1009 2492 1050 2557 ob
1086 2491 1216 2559 oculum
1249 2491 1391 2559 habebat

932 2597 1051 2674 lanam,
1075 2609 1174 2663 nauta
1197 2619 1261 2662 non
1284 2608 1362 2663 erat.

215 2701 299 2768 Troo.
322 2700 386 2765 300
408 2701 457 2764 A:
480 2698 586 2764 Nemo
609 2698 705 2762 homo
727 2699 781 2762 hic
803 2700 884 2764 solet
905 2699 1010 2785 perire
1033 2699 1120 2784 apud
1143 2721 1201 2764 nos

411 2803 455 2867 P:
478 2801 585 2868 Nemo
609 2799 773 2864 hominum
796 2800 849 2865 hic
870 2801 976 2886 perire
998 2802 1080 2868 solet
1103 2802 1190 2889 apud
1214 2823 1281 2869 noe.

215 2907 300 2971 Truc.
322 2904 386 2970 388
407 2904 454 2969 A:
478 2903 555 2970 Tibi
576 2925 649 2968 mea
667 2901 802 2968 consilia
823 2926 950 2990 semper
968 2928 1093 2970 summa
1115 2905 1239 2970 credidi

412 3007 455 3071 P:
479 3005 555 3072 Tibi
579 3027 650 3069 mea
673 3006 807 3071 consilia
829 3029 954 3072 summa
977 3029 1104 3093 semper
1128 3006 1262 3072 credidi.

209 3113 320 3175 Pseud.
333 3109 456 3174 618A:
480 3107 544 3194 Qui
572 3109 700 3193 argenti
729 3131 799 3175 meo
826 3131 880 3174 ero
909 3109 1015 3174 lenoni
1042 3110 1228 3195 quindecim
1258 3110 1392 3176 dederat

1086 3214 1191 3278 minas

406 3312 449 3378 P:
472 3310 537 3397 Qui
571 3314 697 3399 argenti
731 3336 786 3379 ero
820 3336 891 3380 meo
924 3315 1033 3380 lenoni
1066 3315 1253 3403 quindecim
1287 3316 1390 3381 minas

1084 3418 1218 3485 dederit.

164 3518 389 3585 Palatinorum
413 3519 552 3606 pessima
574 3520 735 3604 scriptura
757 3519 790 3582 in
811 3529 958 3585 extremo
981 3540 1077 3588 versu
1099 3532 1195 3601 certe,
1225 3523 1258 3586 in
1281 3520 1390 3587 medio

165 3613 380 3710 probabiliter
402 3623 491 3688 casui
514 3622 682 3689 tribuetur.

211 3725 323 3788 Pseud.
348 3725 430 3790 1052
452 3727 499 3790 A:
523 3725 651 3805 Hahae,
667 3748 753 3790 nunc
768 3725 849 3790 mihi
864 3725 993 3792 demum
1012 3726 1138 3793 animus
1153 3727 1187 3792 in
1203 3738 1273 3794 tuto
1288 3727 1391 3792 locost

454 3828 500 3893 P:
522 3829 651 3908 Hahae,
667 3851 752 3894 nunc
766 3828 896 3894 demum
911 3829 990 3893 mihi
1007 3830 1132 3894 animus
1150 3829 1265 3896 intuto
1279 3828 1389 3897 locost.

165 3931 239 4009 ubi,
269 3931 328 3997 etsi
356 3953 453 4009 ,nunc
475 3932 555 3996 mihi
577 3932 717 3997 demum‘
748 3954 813 3996 non
840 3930 1041 3997 intolerabile
1064 3945 1111 3997 est
1140 3933 1194 4017 (cf.
1219 3932 1390 4018 Ussingius

167 4035 209 4099 ad
233 4036 291 4120 u),
315 4045 424 4100 tamen
446 4034 667 4100 Palatinorum
691 4035 845 4100 memoria
866 4033 1080 4121 praeferenda
1102 4043 1160 4099 est.

210 4138 320 4202 Pseud.
346 4137 429 4201 1222
451 4137 499 4202 A:
522 4136 643 4203 Hercle
666 4147 696 4202 te
720 4137 784 4203 hau
806 4138 909 4203 sinim
931 4137 1042 4203 moriri

448 4240 495 4305 P:
518 4237 640 4305 Hercle
664 4240 729 4307 hau
752 4250 784 4305 te
807 4241 910 4307 sinam
932 4238 1050 4307 moriri.

169 4380 368 4388 -..ο-...-

256 4479 276 4547 ¹)
294 4476 341 4532 Sic
363 4495 416 4548 ego
442 4476 556 4545 quidem
586 4477 746 4549 scripserim
776 4496 839 4534 cum
861 4479 1006 4546 Acidalio;
1033 4493 1094 4530 nom
1116 4476 1185 4544 AP;
1214 4475 1387 4532 Ribbeokius

168 4565 269 4619 oculum
285 4580 371 4618 onom.
