3120 5138
757 291 799 371 35

679 398 882 408 ——--—

167 505 247 577 milri
280 512 359 600 quid
393 535 427 576 es
465 512 678 598 facturus‘?¹)
711 513 767 577 sed
802 512 1031 599 interpretibus
1064 536 1190 579 summa
1221 502 1393 580 difficultas

168 625 282 680 exorta
311 626 359 679 est
380 637 476 679 versu
500 615 614 692 altero,
643 616 676 679 iu
699 637 764 702 quo
786 639 827 679 ex
851 637 929 680 voce
951 628 1111 703 utrumque
1136 628 1246 705 aptam
1269 631 1394 684 senten·

165 718 244 782 tiam
282 717 356 782 elici
389 739 454 780 non
488 738 580 804 posse
614 717 675 781 viri
713 716 800 782 docti
838 740 940 802 paene
976 741 1041 783 uno
1077 741 1131 784 ore
1169 722 1273 807 questi
1310 732 1394 787 sunt.

166 841 272 903 neque
292 819 466 902 quiequam
489 819 624 903 profecit
646 818 860 904 Niemeyerus
882 843 914 905 p.
939 821 994 903 14,
1018 822 1075 908 qui
1096 822 1247 886 idoneum
1269 833 1393 888 senten·

166 921 246 985 tiam
274 922 460 1006 expiscatus
493 942 563 985 esse
591 921 653 986 sibi
680 921 809 986 videtur
842 924 888 986 sic
922 924 1098 988 disserens:
1132 923 1264 1001 ‚scilicet
1298 927 1393 991 certis

167 1025 281 1089 amicis
318 1024 433 1088 incerti
461 1023 655 1110 cogitatione
683 1035 903 1109 opponuntur,
937 1047 1074 1109 quorum
1102 1039 1311 1111 utrorumque
1341 1028 1394 1093 de·

165 1126 269 1191 lectus
299 1127 474 1191 suadetur‘.
518 1125 575 1190 sed
605 1125 688 1202 vide,
718 1148 795 1191 num
828 1126 910 1191 haec
942 1129 1172 1194 sententiarum
1210 1131 1394 1196 consecutio

165 1229 234 1294 ullo
265 1228 360 1294 modo
389 1228 490 1317 possit
522 1228 667 1313 probari:
700 1227 809 1306 ‚Onu
837 1229 891 1293 Ex
913 1229 1023 1295 multis
1050 1231 1162 1296 amicis
1190 1233 1287 1318 pauci
1314 1234 1394 1298 certi

166 1343 254 1397 sunt.
304 1330 467 1397 PSEUD.
496 1331 647 1416 quocirca
680 1344 782 1396 certos
819 1331 940 1396 amicos
972 1332 1014 1397 ab
1047 1334 1179 1398 incertis
1212 1335 1393 1422 distinguas

166 1447 266 1520 atque
299 1456 340 1499 ex
367 1433 432 1499 illis
465 1432 574 1498 multis
609 1433 741 1520 (quibus
774 1433 882 1499 verbis
916 1444 1021 1500 certos
1049 1447 1080 1501 et
1107 1437 1246 1502 incertos
1272 1439 1393 1503 amieos

168 1536 401 1625 comprehendi
437 1545 688 1602 cousentaneum
725 1538 787 1624 est)
819 1559 919 1601 unum
964 1536 1084 1624 eligas.‘
1142 1561 1315 1622 quemnam
1351 1540 1394 1605 ud

170 1641 269 1705 finem
290 1639 492 1706 censebimus
521 1639 697 1703 amicorum
731 1640 764 1703 in
794 1640 876 1705 duas
908 1652 1016 1725 partes
1044 1640 1236 1705 divisionem
1263 1642 1393 1708 omniuo

168 1745 317 1823 suaderi,
351 1744 379 1808 si
407 1742 507 1807 nihilo
537 1743 634 1808 setius
657 1742 721 1806 iarn
744 1742 891 1826 proximo
915 1764 1011 1807 versu
1033 1764 1074 1807 ex
1097 1745 1270 1821 cunetis,
1298 1745 1375 1810 cert'

169 1861 204 1914 et
225 1847 370 1924 incertis,
400 1868 499 1910 unum
522 1845 643 1931 eligere
665 1843 835 1911 Calidorus
860 1844 1011 1910 iubetur?
1033 1857 1159 1932 poterat
1185 1856 1294 1911 autem
1316 1846 1392 1912 Nie-

167 1972 319 2037 meyerus
341 1951 407 2015 iam
437 1972 480 2014 ex
501 1948 660 2034 Gepperti
683 1949 899 2035 disputatione
926 1949 1051 2013 discere
1078 1959 1211 2034 propter
1228 1961 1393 2042 utrumque

168 2056 317 2120 delectum
342 2077 426 2140 para
448 2052 583 2117 verbum
605 2053 707 2115 multis
729 2052 811 2116 adeo
839 2075 902 2117 non
927 2074 1022 2136 posse
1045 2053 1138 2130 ferri,
1166 2065 1202 2118 ut
1230 2056 1393 2118 contraria

171 2179 238 2222 vox
256 2159 367 2245 pauca
388 2157 478 2240 (nam
499 2176 540 2218 ex
563 2155 676 2239 paucis
691 2153 839 2219 fidelibus
855 2177 940 2219 unus
957 2154 1125 2241 eligendus
1141 2157 1223 2242 erat)
1245 2155 1395 2240 ponenda

169 2270 272 2339 esset3
301 2259 360 2324 sed
383 2259 567 2344 Geppertus
590 2257 623 2321 in
646 2279 684 2322 eo
705 2257 807 2322 falsus
831 2271 888 2335 est,
917 2258 1004 2345 quod
1026 2259 1129 2322 mabri
1151 2258 1262 2335 eiecto,
1290 2261 1395 2323 amica

165 2376 297 2428 servato
326 2360 434 2426 versui
456 2360 616 2425 medelam
644 2359 801 2425 allaturus
824 2374 905 2444 erat3
935 2383 1009 2424 nam
1037 2383 1073 2424 aa
1100 2362 1203 2425 multis
1225 2361 1326 2426 altera
1348 2383 1394 2426 re·

167 2465 323 2531 censione
356 2463 486 2529 defendi
519 2463 715 2547 Niemeyero
748 2464 912 2529 consentio
946 2484 1051 2547 neque
1084 2474 1151 2528 tam
1183 2464 1279 2529 facile
1313 2464 1392 2528 addi

167 2567 324 2655 potuisse,
349 2588 447 2652 quam
469 2569 573 2630 amicas
595 2587 636 2631 ex
661 2589 690 2629 v.
714 2565 786 2633 390.
808 2578 979 2650 postquam
1002 2566 1101 2652 igitur
1116 2565 1304 2653 Niemeyeri
1326 2589 1395 2632 sen-

169 2671 306 2736 tentiam
327 2670 457 2756 logicis,
487 2681 523 2735 ut
544 2668 643 2734 verbo
666 2683 750 2751 utar,
779 2668 957 2734 rationibus
980 2669 1071 2733 ducti
1094 2670 1274 2747 reiecimus,
1296 2669 1395 2734 aliam

174 2774 260 2838 viam
284 2773 346 2861 ipsi
368 2772 597 2858 ingrediemur.
633 2772 749 2836 etenim
772 2794 847 2836 cum
869 2793 974 2858 neque
991 2794 1102 2837 versus
1118 2771 1180 2836 391
1202 2772 1287 2838 iusta
1302 2772 1396 2837 inter·

176 2875 314 2962 pretatio
337 2875 475 2940 inveniri
493 2885 590 2962 queat
606 2885 638 2938 et
655 2895 767 2938 versus
783 2873 845 2937 392
861 2874 983 2938 nullam
997 2874 1083 2939 illius
1098 2873 1254 2938 rationem
1269 2873 1397 2953 habeat,

169 2989 282 3044 contra
303 3001 378 3043 cum
398 2964 429 3042 'v.
450 2977 514 3043 390
535 2977 700 3062 aptissime
723 2975 913 3042 coniunctus
941 2977 996 3055 sit,
1025 2977 1104 3061 quid
1126 2987 1174 3041 est
1196 2998 1253 3041 cur
1278 2975 1318 3042 de
1340 2977 1395 3041 illo

170 3106 200 3146 v.
224 3081 287 3149 391
317 3080 462 3146 eiciendo
490 3078 700 3145 dubitemus?
726 3101 831 3167 neque
860 3080 944 3144 euim
968 3080 1012 3158 ei,
1035 3083 1091 3164 qui
1112 3082 1177 3146 tale
1200 3080 1396 3144 additamen-

168 3200 238 3250 tum
259 3183 544 3270 interpolatoribus
567 3181 709 3247 tribuere
732 3205 795 3247 non
818 3182 946 3260 audeat,
970 3183 1158 3269 scrupulum
1174 3182 1310 3249 evellere
1333 3204 1396 3248 non

170 3310 301 3374 possum
324 3286 423 3351 altero
445 3286 516 3351 loco
539 3295 589 3351 sat
615 3283 815 3350 memorabili
837 3285 945 3351 allato.
975 3307 1049 3350 cum
1071 3286 1156 3350 enim
1184 3287 1265 3350 Tria.
1281 3287 1321 3350 91
1345 3308 1394 3376 sq.

168 3413 323 3458 versuum
401 3448 404 3455 .

303 3511 387 3578 Sunt
409 3533 488 3598 quos
511 3510 578 3574 scio
602 3530 671 3573 esse
694 3507 825 3585 amieos,
848 3517 924 3573 sunt
947 3531 1028 3595 quos
1050 3509 1207 3593 suspicor,

303 3614 369 3683 Sed
390 3623 426 3678 tu
449 3635 489 3678 ex
511 3611 622 3676 amicis
645 3611 690 3675 mi
712 3633 747 3676 es
770 3612 976 3676 certissumus

175 3736 335 3802 concinna
357 3732 498 3798 brevitas
521 3732 650 3816 loquaci
672 3731 801 3796 cuidam
816 3732 928 3796 lectori
951 3753 1015 3795 non
1031 3731 1240 3806 satisfaceret,
1264 3728 1393 3796 tertium

168 3841 197 3906 is
220 3838 401 3903 amicorum
423 3857 526 3923 genus
549 3835 738 3922 excogitans
761 3834 842 3898 haec
866 3834 905 3898 de
927 3855 984 3898 suo
1006 3833 1137 3920 ingenio
1162 3831 1304 3896 addidit:

265 3959 349 4025 Sunt
372 3978 509 4044 quorum
531 3954 663 4040 ingenia
686 3968 782 4040 atque
804 3954 928 4018 animos
952 3975 1076 4041 nequeo
1099 3974 1242 4017 noscere.

172 4102 266 4146 versu
306 4077 368 4142 391
414 4076 516 4141 eiecto
560 4075 599 4139 de
645 4097 740 4139 versu
775 4072 839 4138 392
883 4075 1045 4161 integrum
1086 4073 1242 4139 iudicium
1281 4070 1395 4149 datur3

174 4184 229 4272 qui
252 4192 334 4249 teste
357 4181 524 4268 Gepperto
547 4180 640 4266 (stud.
663 4176 702 4242 II
723 4199 755 4262 p.
777 4176 834 4264 59)
856 4177 894 4242 in'
912 4177 946 4240 A
968 4176 1014 4242 sio
1038 4175 1175 4242 traditus
1198 4185 1264 4240 est:

262 4455 283 4522 ¹)
300 4454 375 4508 Num
394 4454 454 4507 iure
467 4452 648 4519 Niemeyerus
667 4453 732 4518 post
750 4468 775 4504 v.
794 4450 844 4504 386
863 4451 990 4503 lacunam
1008 4447 1141 4503 statuerit
1158 4450 1207 4501 aut
1218 4445 1397 4515 ludewigius

172 4559 197 4595 u.
216 4539 352 4595 :sss-386
371 4538 492 4602 eiecerit,
511 4537 592 4588 huius
611 4535 667 4588 loci
686 4539 802 4588 nonest
821 4551 966 4604 exponere.

1213 4633 1246 4690 3*
