3120 5138
646 320 706 391 127

53 533 94 597 in
119 533 152 598 A
175 532 400 599 Studemundo
422 542 503 597 teste
527 542 617 597 sunt:

575 631 683 704 ΤΟΧ.
706 655 777 721 age,
800 654 860 718 age
883 653 969 696 nunc
992 640 1042 696 tu:
1065 631 1098 694 iu
1121 632 1280 716 proelium

172 737 256 802 Vide
272 748 306 803 ut
318 737 502 823 ingrediare
513 737 690 824 auspicato.
714 737 773 804 VI.
791 735 981 823 liquidumst
992 734 1189 819 auspicium:
1207 746 1287 803 tace.

149 839 256 908 ΤΟΧ.
279 839 410 917 Curato,
433 853 469 904 ut
491 840 638 925 praedati
661 840 772 928 pulcre
796 839 837 903 ad
861 847 967 902 castra
989 837 1233 901 convertamini.

174 943 325 1009 Concede
353 945 452 1021 istuc;
487 964 548 1030 ego
575 943 663 1008 illam
691 942 861 1008 adducam.
889 939 1030 1006 DORD.
1058 962 1119 1026 age
1152 951 1188 1004 ut
1220 962 1288 1005 rem

919 1043 955 1107 in
976 1052 1120 1109 nostram
1141 1054 1246 1128 putas.

150 1145 258 1212 ΤΟΧ.
304 1147 455 1213 Ehodum
474 1148 538 1213 huc
561 1148 662 1235 virgo,
688 1149 761 1213 vide
784 1148 828 1212 sis
852 1147 929 1233 quid
952 1168 1042 1233 agas.
1087 1144 1147 1212 VI.
1170 1155 1290 1224 taceas,

898 1248 1019 1315 curabo
1040 1261 1077 1314 ut
1099 1248 1198 1313 voles.

150 1352 258 1418 ΤΟΧ.
282 1353 425 1440 Sequere
454 1375 519 1432 me;
554 1353 682 1419 adduco
709 1353 808 1430 hanc,
836 1354 863 1417 si
890 1353 970 1438 quid
999 1352 1048 1416 vis
1071 1373 1111 1416 ex
1137 1353 1196 1416 hac
1218 1372 1288 1436 per·

1035 1455 1203 1520 contarier.

61 1558 123 1624 ubi
147 1558 370 1625 Palatinarum
394 1581 505 1624 versus
528 1559 704 1623 sententiae
728 1559 825 1643 plane
848 1557 1061 1635 satisfaciunt,
1085 1557 1119 1621 in
1142 1557 1180 1621 iis
1203 1577 1290 1636 vero,

63 1661 178 1746 quiex
195 1661 228 1726 A
244 1662 414 1740 accedunt,
430 1661 538 1726 Toxili
554 1661 804 1737 adhortationes,
821 1670 857 1726 ut
873 1661 966 1746 virgo
989 1660 1070 1724 bene
1093 1683 1162 1725 rem
1183 1671 1286 1746 gerat,

62 1764 161 1828 nimis
177 1775 385 1830 coacervatae
408 1765 623 1853 suspicionem
646 1764 900 1848 interpolationis
921 1762 1066 1840 iniciunt,
1090 1785 1286 1850 quamquam

64 1878 190 1931 certum
206 1869 274 1932 eius
290 1867 446 1932 indicium
469 1867 606 1932 inveniri
630 1867 753 1932 nullum
778 1888 871 1953 posse
894 1866 1053 1943 conced03
1076 1866 1290 1950 nequeenim

64 1969 194 2034 offendo
217 1992 277 2057 ego
300 1970 431 2057 quidem
453 1971 487 2034 in
510 1969 686 2034 elocutione
716 1966 846 2046 ,curabo
869 1981 904 2032 ut
926 1966 1066 2046 voles‘‚
1098 1968 1138 2033 de
1160 1990 1224 2052 qua
1246 1969 1292 2032 in·

63 2072 117 2136 fra
151 2095 257 2157 agam.
303 2073 359 2136 sed
395 2072 572 2137 secundum
615 2085 754 2137 nostram
786 2072 1041 2157 disputationem
1074 2071 1135 2136 hoc
1174 2072 1291 2136 rationi

64 2175 232 2252 convenit,
261 2189 297 2240 ut
326 2185 503 2241 statuamus
527 2199 639 2240 versus
674 2175 730 2260 qui
761 2175 795 2238 in
826 2174 893 2240 solo
915 2175 950 2240 A
973 2183 1085 2238 extant
1124 2184 1181 2239 aut
1208 2173 1292 2239 inP

65 2299 146 2342 casu
174 2277 334 2342 excidisse
368 2290 423 2342 aut
460 2278 501 2343 ad
531 2279 668 2342 eundem
700 2280 839 2355 fontem,
869 2277 955 2342 unde
984 2277 1039 2340 alii
1062 2277 1156 2341 multi
1179 2299 1291 2342 versus

66 2380 163 2466 petiti
186 2391 270 2458 sunt,
293 2382 459 2466 exemplar
482 2382 553 2446 dico
577 2382 757 2458 histricum,
780 2379 965 2444 referendos
987 2401 1067 2444 esse.

156 2481 208 2546 De
223 2481 359 2569 singulis
375 2483 533 2562 versibus,
546 2506 628 2568 quos
644 2483 744 2549 altera
757 2493 882 2548 tantum
897 2483 1042 2547 recensio
1058 2482 1200 2568 praebet,
1213 2481 1293 2547 iudi-

65 2582 155 2648 cium
170 2599 283 2669 suapte
298 2595 414 2649 natura
432 2588 538 2650 minus
554 2586 687 2670 planum
706 2598 768 2669 est3
787 2608 927 2670 namque
944 2586 999 2650 ubi
1015 2586 1048 2648 in
1066 2584 1170 2650 altera
1185 2606 1292 2650 recen-

65 2685 156 2750 sione
179 2687 360 2774 complures
384 2687 535 2774 deinceps
551 2710 673 2766 versus‚
686 2690 742 2772 qui
754 2688 931 2754 desiderari
952 2699 1097 2775 possunt,
1118 2700 1239 2765 extare,
1258 2689 1291 2751 in

65 2789 169 2853 altera
197 2788 308 2854 deesse
338 2790 500 2869 videmus,
529 2813 639 2855 casum
668 2792 808 2856 valuisse
841 2812 903 2855 non
937 2792 1032 2856 facile
1068 2791 1292 2858 concedemus.

67 2891 214 2978 singulos
230 2915 306 2957 vero
324 2915 436 2958 versus
451 2894 484 2957 in
500 2903 638 2979 utraque
659 2896 845 2960 recensione
868 2893 991 2959 librarii
1014 2902 1065 2958 sat
1087 2916 1184 2979 saepe
1206 2915 1294 2958 mero

66 3014 177 3058 errore
209 2996 400 3072 omiserunt,
434 3016 498 3059 non
536 2996 639 3061 solum
671 2997 727 3062 ubi
763 3019 804 3061 ex
838 2997 934 3062 simili
971 2997 1109 3062 duorum
1141 3018 1293 3062 versuum

67 3095 160 3161 initio
188 3109 245 3161 aut
272 3099 363 3162 exitu
391 3099 634 3164 excusationem
663 3099 784 3165 habent
812 3101 1036 3188 neglegentiae
1045 3101 1086 3186 ¹),
1115 3099 1292 3166 sedetiam

66 3197 125 3264 ubi
147 3221 208 3264 nec
230 3199 308 3287 quid
335 3204 451 3266 erroris
486 3225 598 3266 ansam
622 3203 747 3268 dederit
769 3205 909 3289 perspici
932 3214 1037 3292 potest
1059 3225 1118 3268 nec
1142 3205 1181 3268 de
1196 3225 1292 3269 versu

68 3303 104 3365 in
126 3302 229 3368 altera
251 3304 436 3369 recensione
459 3304 500 3369 de
521 3305 681 3370 industria
702 3306 808 3370 deleto
836 3308 980 3394 cogitare
1009 3307 1093 3372 licet.
1103 3308 1131 3391 ⁹)
1176 3307 1292 3390 quodsi

68 3406 144 3489 quis
168 3426 222 3468 ecs
245 3428 366 3488 versus,
391 3429 471 3491 quos
494 3409 528 3472 in
552 3410 580 3472 A
603 3408 671 3473 solo
694 3419 837 3474 servatos
860 3432 920 3497 ego
943 3409 1070 3475 exalia
1093 3411 1181 3474 fonte
1212 3409 1293 3474 deri·

71 3520 164 3571 vatos
185 3506 304 3586 iudico,
326 3508 361 3573 in
376 3507 405 3572 P
420 3513 527 3595 potius
550 3531 631 3574 casu
653 3510 787 3575 omissos
810 3533 880 3576 esse
904 3511 1079 3589 contendit,
1102 3533 1176 3576 eum
1199 3534 1293 3598 argu·

68 3610 186 3674 mentis
216 3632 293 3675 sane
316 3612 461 3677 refellere
489 3635 551 3678 non
581 3635 721 3700 possum.
767 3614 867 3678 nihilo
896 3614 994 3679 setius
1024 3613 1066 3678 ob
1096 3614 1294 3699 singularem

69 3733 181 3777 eorum
205 3713 423 3779 condicionem
447 3736 500 3779 eos
524 3715 597 3781 uolo
620 3716 776 3781 omittere.

160 4005 180 4072 ¹)
198 4001 245 4059 Sic
258 4005 287 4059 in
300 4005 327 4060 A
345 4005 491 4076 perierunt
508 4007 569 4062 Mil.
586 4007 653 4077 pler.
677 4025 702 4064 r.
716 4008 766 4064 851
784 4009 833 4064 aut
849 4008 900 4064 852
913 4007 960 4078 (cf.
973 4006 1146 4066 Ribbeokius
1158 4008 1187 4063 iu
1205 4005 1296 4064 adad

71 4107 97 4142 v.
116 4088 187 4157 846).
206 4092 273 4146 1405
290 4094 370 4160 (1402
381 4093 478 4161 Ribb.)
513 4095 583 4148 Men.
601 4096 661 4162 478,
679 4112 761 4162 quem
773 4113 836 4149 cum
850 4095 976 4149 Vahleno
993 4113 1045 4166 pro
1057 4096 1179 4167 genuino
1194 4095 1295 4162 habeo;

69 4171 147 4228 inP
174 4175 248 4230 Tria.
273 4177 330 4232 409.
358 4178 429 4232 Men.
453 4174 510 4233 279.
533 4181 590 4234 285.
623 4179 705 4235 Most.
728 4180 787 4235 833.
811 4181 871 4235 951.
890 4182 941 4237 990
956 4182 1023 4252 (nisi
1041 4181 1086 4234 hic
1104 4181 1134 4234 in
1152 4181 1180 4235 A
1196 4180 1291 4250 potius

70 4259 259 4328 interpolatus
277 4263 337 4328 est).
364 4262 439 4317 Pers.
457 4264 516 4318 559.
535 4265 593 4320 700.
612 4266 669 4321 730.
697 4266 774 4320 Teuc.
793 4266 852 4322 384.

159 4381 182 4448 ²)
198 4379 287 4436 Velut
298 4381 327 4435 in
339 4379 366 4436 A
379 4382 476 4438 Pseud.
489 4385 632 4440 293—295.
644 4385 728 4456 upra.
739 4385 882 4452 597-599,
894 4401 963 4453 quos
976 4383 1108 4438 Goetzins
1120 4401 1164 4438 me
1182 4384 1296 4454 quidem

70 4464 165 4521 iudice
183 4484 240 4520 non
257 4473 335 4522 recte
353 4469 432 4524 uncis
449 4468 577 4536 inclusit,
602 4471 683 4525 Poen.
701 4471 760 4537 424,
778 4472 808 4525 in
825 4470 850 4526 P
868 4471 965 4525 Pseud.
983 4471 1043 4526 422.
1061 4471 1119 4525 938.
1146 4470 1219 4526 Men.
1238 4470 1295 4526 165.

70 4552 129 4612 171.
149 4551 205 4607 172.
225 4552 308 4607 Most.
326 4554 385 4610 600.
405 4554 465 4608 Mil.
484 4554 541 4610 402.
558 4554 635 4610 Pers.
655 4557 713 4611 410.
734 4557 792 4610 098.
811 4556 892 4610 Poca.
909 4557 967 4612 288.
981 4556 1038 4611 287.
1058 4554 1140 4628 upra
1154 4554 1217 4614 tot.
