3120 5138
676 322 810 420 *149

167 522 411 591 Studemundus
439 547 508 589 ann.
533 527 610 612 phil.
634 526 757 592 OXIII
778 551 810 613 p.
828 527 879 592 66.
909 539 944 591 ut
972 526 1168 612 Niemeyero
1191 551 1222 614 p.
1244 530 1287 595 48
1318 551 1389 594 con-

167 627 322 690 cedamus
357 629 424 690 dieo
457 628 600 713 potuisse
634 652 676 694 ex
705 631 812 716 glossa
840 630 1036 694 interlineari
1064 631 1096 693 in
1126 652 1255 696 versum
1278 632 1389 697 venire

167 730 224 815 (cf.
247 729 401 794 Placidus
424 752 454 815 p.
477 734 508 808 4,
533 732 589 796 11:
613 734 727 808 aiens:
752 733 878 816 dicens3
901 733 946 796 ita
968 733 1019 797 aio
1041 732 1089 796 ais
1112 733 1158 798 ait
1182 733 1388 819 participium

165 832 282 918 facit),
305 832 339 896 id
361 834 483 917 ipsum,
511 834 598 918 quod
621 835 716 900 simul
744 847 846 899 metro
874 835 1118 899 accomodatum
1147 836 1202 898 toa
1223 856 1282 921 pro
1304 837 1390 901 hasce

165 934 296 1020 legitur,
319 935 473 1000 hocloco
496 937 664 1001 consilium
695 937 877 1025 corrigendi
899 937 1018 1023 arguit.
1063 947 1095 1002 et
1116 961 1174 1024 per
1196 938 1385 1004 histrionem

166 1039 379 1104 mutationem
401 1040 520 1104 factam
545 1063 614 1105 esse
633 1054 719 1106 certe
741 1064 805 1106 non
820 1042 926 1106 minus
941 1040 1114 1105 verisimile
1135 1050 1193 1118 est,
1215 1064 1313 1128 quam
1328 1063 1387 1128 per

166 1141 427 1224 grammaticum.
485 1144 693 1228 comparandi
731 1158 806 1210 sunt
841 1147 922 1210 Men.
956 1143 1049 1219 1046,
1088 1142 1145 1207 ubi
1176 1144 1297 1207 aiebant
1330 1166 1388 1230 pro

165 1245 315 1319 dicebant,
338 1244 425 1327 quod
446 1245 480 1308 in
501 1245 531 1309 P
553 1258 615 1324 est,
638 1245 842 1312 Camerarius
871 1260 956 1312 recte
985 1244 1159 1310 coniecisse
1181 1245 1319 1323 videtur,
1355 1258 1387 1309 et

167 1345 257 1432 Copt.
280 1346 352 1424 694,
374 1345 431 1412 ubi
453 1351 539 1411 aiant
560 1349 801 1426 Fleckeisenus‚
825 1352 929 1413 dicam
951 1348 1044 1414 codd.

214 1467 300 1530 liae.
324 1467 387 1534 385

253 1569 301 1632 A:
324 1569 494 1654 Quomque
517 1571 599 1636 bene
623 1571 799 1659 provenisti
822 1571 921 1649 salva,
943 1570 1089 1657 gratulor

252 1671 295 1737 P:
320 1672 490 1757 Quomque
512 1673 594 1739 bene
617 1674 794 1761 provenisti
818 1674 919 1752 salva,
941 1672 1078 1760 gaudeo.

163 1793 366 1878 protestarer
389 1816 418 1860 v.
442 1793 504 1857 507
533 1794 756 1859 recordatione
776 1805 890 1860 'natum
914 1815 982 1859 esse
1010 1792 1191 1861 Schoellius
1215 1793 1385 1858 adnotavit

165 1895 220 1981 (of.
244 1896 341 1960 etiam
362 1897 456 1961 Anat.
479 1896 582 1961 Plaut.
606 1919 639 1982 p.
662 1898 705 1970 8).

215 2017 297 2080 Trio.
324 2015 406 2081 1064

255 2117 298 2182 P:
322 2117 356 2184 Si
373 2117 476 2183 bonus
493 2140 537 2195 es,
561 2118 720 2185 obnoxius
743 2143 828 2184 sum:
852 2119 900 2182 sin
917 2140 1069 2196 recuses,
1091 2118 1208 2184 faciam
1224 2118 1273 2185 uti
1288 2117 1390 2185 iubes.

165 2221 259 2284 bonite
287 2242 317 2282 or
346 2229 377 2284 et
404 2242 484 2283 senta
510 2242 539 2284 es
566 2220 727 2285 servanda
756 2242 825 2284 esse
862 2221 1060 2304 insequentis
1088 2244 1199 2286 versus
1228 2243 1302 2285 cum
1328 2220 1388 2284 hoc

166 2345 294 2387 conexu
316 2321 567 2400 demonstratum
598 2323 629 2385 iu
659 2345 771 2388 versus
799 2323 861 2386 fine
883 2325 929 2385 eti
958 2346 1016 2410 pro
1043 2335 1077 2386 ttt
1103 2345 1227 2400 errore,
1257 2322 1385 2409 qualem

166 2425 296 2512 saepius
317 2425 499 2491 invenimus
523 2427 577 2512 (cf.
595 2425 770 2491 Muellerus
792 2428 878 2492 Prot.
893 2427 997 2489 Plaut.
1020 2446 1052 2510 p.
1067 2425 1139 2493 223.
1162 2427 1248 2490 Add.
1271 2447 1303 2510 p.
1318 2426 1386 2507 28),

165 2531 201 2592 in
231 2528 259 2592 P
289 2529 443 2614 scriptum
478 2539 535 2594 est.
581 2551 639 2616 pro
666 2542 699 2592 ct
726 2531 809 2593 iubes
840 2525 875 2594 A
901 2551 941 2593 ex
976 2527 1104 2592 diversa
1137 2527 1322 2592 recensione
1355 2540 1388 2590 ut

165 2654 266 2696 mortes
287 2630 421 2717 praebet
443 2654 460 2696 e
484 2655 580 2697 versu
608 2631 687 2697 1063
709 2632 944 2718 depromptum.

235 2752 376 2817 'Locum
397 2753 464 2818 fere
487 2752 661 2841 gemellum
683 2751 783 2817 habes
806 2754 896 2816 Most.
919 2751 983 2817 929

251 2855 300 2920 A:
323 2855 421 2920 Nune
437 2855 489 2920 abi
504 2878 575 2919 rus:
592 2855 646 2919 dic
660 2874 712 2920 me
728 2854 897 2920 advenisse
913 2852 988 2917 lilio.
1004 2855 1018 2940 ll
1033 2853 1151 2917 faciam
1164 2851 1216 2939 u[t
1236 2849 1384 2938 i]ub[e]s.

167 2958 295 3036 ‚faciam
329 2968 366 3023 ut
401 2957 498 3022 voles‘
533 2957 570 3020 P.
626 2956 666 3021 de
705 2980 768 3041 quo
796 2956 1039 3022 Studemundus
1075 2956 1231 3039 Festpmsa
1266 2975 1298 3038 p.
1327 2952 1383 3015 69:

166 3061 286 3137 ,Schon
308 3060 434 3125 Lorenz
457 3060 624 3125 bemerkte
652 3060 726 3123 sehr
748 3072 817 3145 gut,
841 3059 915 3122 dass
938 3060 1015 3123 voles
1037 3057 1110 3122 sehr
1133 3054 1307 3120 auffallend
1328 3055 1380 3118 fiir
1462 3066 1468 3076 “

167 3167 210 3228 cis
232 3163 324 3229 steht.
368 3164 401 3227 A
423 3162 513 3248 giebt
534 3172 612 3226 statt
632 3174 666 3225 ut
685 3163 762 3225 voles
783 3186 843 3227 o..
859 3162 899 3224 ob
914 3208 922 3223 .
938 3184 968 3237 s,
992 3160 1024 3224 d.
1046 3161 1075 3228 h.
1098 3182 1182 3245 ganz
1206 3157 1383 3222 unzweifel-

166 3267 235 3329 halt
261 3265 380 3351 richtig
405 3277 438 3328 ut
467 3265 568 3328 iubeat
613 3264 640 3327 si
668 3285 743 3327 vero
771 3262 863 3328 nobis
894 3264 1061 3348 contingat
1093 3272 1130 3326 ut
1157 3261 1329 3324 formulam
1351 3272 1384 3322 ut

167 3369 244 3432 coles
258 3390 284 3431 'a
302 3366 456 3432 Plautina
473 3365 704 3431 consuetudine
728 3387 791 3429 nou
808 3366 981 3430 abhorrere
997 3365 1261 3442 demonstremus,
1286 3363 1386 3427 mani-

167 3474 285 3535 festum
313 3470 374 3535 erit
400 3469 586 3534 histrionem
601 3468 757 3532 formulae
771 3489 848 3531 sane
866 3489 959 3532 rarae
981 3465 1183 3531 substituisse
1201 3465 1387 3550 vulgarissi-

166 3597 252 3638 mam
275 3575 396 3660 jaciam
422 3584 455 3635 ot
478 3573 576 3647 iubes,
607 3593 705 3654 quam
733 3569 832 3634 habes
861 3592 887 3634 e.
911 3593 943 3656 g.
975 3569 1041 3635 Cor.
1063 3569 1146 3645 116,
1165 3569 1216 3632 67.
1235 3567 1310 3646 V4,
1332 3570 1383 3636 25.

167 3677 281 3742 Bacch.
304 3675 376 3739 228.
403 3676 490 3739 Asin.
507 3674 579 3740 369.
614 3685 661 3737 est
696 3689 803 3738 autem
824 3675 946 3760 faciam
973 3685 1006 3737 ut
1027 3674 1103 3736 coloe
1137 3695 1157 3735 a
1176 3672 1293 3737 Plauto
1321 3693 1385 3734 non

167 3779 324 3854 alienum3
352 3776 439 3860 qnod
467 3775 704 3841 demonstratur
731 3796 795 3839 nou
823 3790 897 3840 tam<
917 3797 1014 3840 versu
1036 3776 1148 3839 Persae
1168 3773 1232 3840 609
1264 3778 1296 3836 in
1319 3772 1386 3837 solo

165 3882 201 3946 A
223 3889 351 3945 servato

171 4039 176 4066 ;
217 3999 406 4070 ‚Ehodum
433 3997 497 4064 huc
524 3998 632 4082 virgo:
665 3997 799 4074 videsis,
831 3995 909 4082 quid
937 3995 1030 4081 agasl
1060 3997 1073 4080 ΙΙ
1101 4005 1225 4070 taceas,
1253 3993 1384 4073 curabo,

1083 4105 1120 4162 ut
1142 4097 1229 4162 voles

165 4243 210 4271 -‘-
233 4218 288 4303 qui
311 4241 423 4283 versus
439 4218 470 4281 in
488 4216 516 4282 P
532 4227 725 4282 non-extans
739 4218 875 4281 fortasse
896 4239 937 4281 ex
952 4216 1016 4280 alia
1031 4216 1216 4281 recensione
1234 4216 1384 4281 scaenica

166 4323 200 4386 in
224 4320 436 4406 archetypum
459 4318 667 4384 Ambrosiani
689 4319 797 4383 illatus
820 4330 868 4383 est
888 4355 941 4397 -‚
964 4319 1021 4383 sed
1044 4320 1124 4386 Men.
1149 4319 1231 4386 1152

254 4421 416 4508 Quoniam
438 4422 518 4488 haec
540 4437 715 4487 evenerunt
739 4421 831 4485 nobis
854 4421 954 4485 frater
976 4442 1017 4484 ex
1040 4420 1198 4484 sententia

255 4527 302 4596 ln·
319 4525 648 4616 patriam-redeamus
671 4522 776 4587 ambo.
799 4523 812 4615 Η
830 4523 939 4606 frater,
963 4524 1116 4590 faciam
1136 4531 1178 4589 ut
1201 4533 1241 4589 tu
1264 4521 1389 4602 voles,
