3120 5138
752 327 811 393 121

684 418 886 430 -——-

167 529 305 615 Lydum
328 541 443 599 vocat‘.
486 534 571 597 Pers.
593 533 657 600 595
683 534 770 611 ,vida
798 533 856 599 sis:
886 555 946 619 ego
975 533 1029 598 ills
1052 532 1166 599 doctus
1197 534 1271 600 leno
1292 556 1397 620 paene

165 633 200 696 iu
225 634 355 698 foveam
377 634 504 699 decidi‘.

255 751 317 817 His
341 775 437 836 quam
459 752 648 818 brevissime
676 753 831 821 absolutis
859 753 923 818 iam
946 752 1145 840 intellegitur
1175 750 1235 843 par
1257 778 1292 821 se
1314 757 1394 822 nihil

164 854 298 920 obstare
322 856 492 938 quominus
508 857 605 920 etiam
628 856 822 944 archetypos
845 866 877 921 et
891 855 1102 921 Ambrosiani
1121 871 1153 921 et
1173 858 1396 924 Palatinarum

163 955 256 1020 idem
278 978 447 1043 perpessos
470 980 540 1022 esse
566 958 752 1044 credamus3
776 969 808 1024 et
830 981 943 1023 revera
959 960 1021 1024 hoc
1043 962 1163 1025 factum
1187 982 1256 1025 esse
1272 961 1396 1049 liquida

169 1070 364 1144 argumenta
387 1060 654 1147 demonstrant.¹)

255 1177 379 1244 Versus
404 1179 495 1246 Stich.
518 1179 658 1246 48-57
686 1181 718 1244 in
746 1181 821 1246 solis
846 1181 873 1246 P
901 1181 1070 1267 leguntur,
1099 1183 1132 1245 in
1155 1183 1189 1247 A
1215 1206 1394 1267 numquam

165 1281 359 1360 extiterunt3
389 1305 469 1370 quos
492 1305 554 1346 non
579 1283 706 1369 vulgari
730 1285 931 1368 grammatici
957 1285 1125 1350 cuiusdam
1153 1280 1393 1372 interpolationi

166 1383 288 1462 deberi,
306 1384 364 1449 sed
378 1384 517 1465 ‚relictos
534 1408 603 1450 esse
620 1408 636 1449 e
655 1385 710 1449 tali
729 1386 913 1452 recensione
931 1387 1027 1452 huius
1044 1388 1184 1467 fabulae,
1208 1410 1273 1477 qua
1288 1412 1392 1454 novae

168 1487 291 1551 actioni
314 1489 482 1552 scaenicae
505 1487 673 1572 aliquanto
695 1498 768 1573 post
790 1488 975 1555 Plautinum
999 1500 1137 1556 aetatem
1161 1492 1392 1558 consuleretur‘

167 1589 372 1654 Ritschelius
412 1591 526 1676 (praef.
566 1612 597 1674 p.
621 1589 690 1670 IX)
724 1601 810 1654 recte
847 1590 1047 1678 cognovit.²)
1084 1592 1220 1657 alterum
1253 1593 1396 1658 eiusdem

164 1692 296 1776 generis
323 1691 508 1777 exemplum
533 1692 655 1758 detexit
671 1692 914 1760 Studemnudus
938 1695 1108 1778 (Fertprasa
1124 1717 1154 1781 p.
1170 1693 1236 1779 43).
1273 1696 1390 1762 Bacch.

165 1795 347 1860 540-551
372 1795 488 1859 iterum
512 1795 621 1882 ampla
636 1818 788 1860 versuum
812 1795 910 1860 series
932 1795 1011 1859 inP
1032 1795 1162 1880 legitur,
1185 1819 1284 1880 quam
1309 1797 1342 1861 in
1361 1798 1394 1862 A

166 1920 274 1982 neque
286 1920 344 1963 nos
360 1897 576 1982 conspicimus
593 1920 698 1982 neque
714 1898 775 1962 nisi
792 1899 900 1962 omnia
916 1899 1033 1963 faliunt
1046 1898 1215 1964 Charisius
1232 1900 1322 1978 vidit,
1335 1901 1391 1986 qui

166 2023 200 2086 p.
228 2001 290 2066 184
303 2001 344 2066 K.
373 2002 486 2065 Bacch.
516 2024 545 2068 v.
569 2001 641 2066 545
655 2001 758 2067 citans
787 2001 877 2067 addit
905 2002 948 2081 ‚in
972 2002 1166 2087 quibusdam
1190 2025 1253 2068 uon
1276 2005 1394 2068 fernut‘

165 2106 325 2192 (scrantur
350 2105 572 2192 Ritschelius)‚
602 2107 778 2193 respiciens
811 2106 838 2170 is
867 2116 903 2172 ut
925 2105 1148 2172 Studemundo
1179 2105 1308 2171 videtur
1330 2129 1394 2171 uon

166 2209 255 2273 hunc
284 2218 409 2273 tanturn
443 2231 572 2274 versum
609 2209 667 2273 sed
695 2232 746 2276 vv.
775 2208 967 2274 oto-551.
1013 2207 1194 2292 dequibus
1223 2209 1393 2274 audiamus

168 2311 385 2377 Studemundi
419 2311 591 2377 iudicium:
621 2310 717 2387 ‚Dass
747 2310 799 2375 die
831 2308 871 2379 V.
895 2310 1092 2386 540-551,
1127 2310 1210 2374 ohne
1242 2311 1305 2375 deu
1332 2311 1394 2378 Ge·

167 2415 577 2501 dankenznsammenhang
599 2436 639 2478 zu
662 2412 853 2490 zerreissen,
875 2413 984 2476 fehlcn
1007 2413 1150 2490 kdnnen,
1180 2411 1324 2479 leuchtet
1346 2437 1393 2481 so-

166 2520 232 2581 fort
254 2517 314 2586 ein.
359 2517 445 2583 Dass
469 2514 779 2602 dieLebhaftigkeit
802 2515 859 2579 der
881 2513 1119 2600 Unterhaltung
1135 2515 1296 2581 zwischen
1319 2515 1391 2581 dem

167 2622 380 2707 ausgeregten
411 2619 630 2685 Mnesilochus
666 2620 733 2683 und
769 2618 892 2682 seinem
920 2617 1072 2682 Frcunde
1103 2617 1298 2683 Pistoclerus
1332 2620 1390 2684 das

167 2721 292 2788 Fehlen
331 2722 389 2788 der
415 2722 527 2804 Verse,
562 2727 689 2809 gemiss
724 2721 781 2785 der
815 2719 1060 2784 Plautinischen
1095 2720 1193 2801 Sitte,
1229 2721 1392 2806 geradezu

165 2823 298 2906 forden,
316 2824 397 2889 wird
413 2813 569 2911 zugeben,
587 2847 653 2888 wer
668 2824 720 2888 die
735 2822 1021 2909 vorhergehenden
1045 2821 1111 2886 und
1130 2821 1387 2909 nachfolgenden

167 2925 272 2994 Verse
296 2926 353 2990 mit
376 2927 466 2992 ihren
491 2927 612 2992 kurneu
635 2927 766 3013 Fragen
795 2926 862 2991 und
884 2925 1076 2989 Antworten
1107 2924 1317 3010 unbefangen
1340 2924 1392 2990 be-

167 3028 316 3096 trachtet.
371 3029 417 3094 Es
450 3029 531 3115 liegt
571 3029 640 3093 hier
678 3027 711 3091 in
745 3028 807 3092 den
842 3026 962 3094 Versen
984 3026 1164 3094 540-551
1200 3026 1270 3093 eine
1299 3029 1394 3116 jener

168 3130 451 3217 weitschweifigen
466 3132 748 3196 moralisierenden
764 3129 1172 3216 Auseinandersetzungen
1189 3152 1258 3206 vor,
1284 3132 1394 3194 womit

169 3233 222 3298 bei
245 3239 396 3319 sp'ateren
418 3233 670 3319 Aufiiihrungcn
702 3232 754 3296 die
776 3230 1021 3296 Plautinischen
1045 3231 1166 3297 Stiicke
1195 3232 1278 3297 auch
1306 3245 1394 3296 sonst

168 3337 280 3421 htufig
308 3337 509 3424 interpoliert
532 3337 704 3401 scheinen‘.
750 3335 868 3419 quibus
891 3335 1049 3420 exemplis
1067 3347 1191 3400 certum
1214 3336 1248 3400 fit
1272 3334 1393 3400 Palati-

168 3461 283 3503 norum
317 3438 448 3522 quidem
471 3449 683 3505 correctorem
706 3438 747 3501 ad
771 3437 853 3501 alius
889 3439 1057 3502 cuiusdam
1092 3437 1213 3503 codicis
1246 3462 1392 3503 normam

168 3563 264 3605 suum
300 3543 467 3627 exemplar
500 3542 689 3607 correxisse.
749 3550 890 3604 attamen
930 3538 994 3604 noli
1017 3536 1270 3607 Ambrosianum
1309 3543 1391 3608 eius·

167 3641 256 3707 modi
279 3643 508 3709 additamentis
530 3644 708 3710 immunem
730 3643 871 3709 credere.
895 3643 993 3707 immo
1016 3665 1080 3707 non
1104 3644 1272 3730 pauciores
1298 3644 1332 3708 in
1356 3666 1393 3709 eo

166 3755 326 3831 apparent
355 3745 633 3832 interpolationes,
668 3767 749 3833 quas
785 3758 891 3810 tamen
923 3744 963 3809 ob
993 3744 1202 3811 Ambrosiam
1231 3768 1391 3812 summam

166 3869 251 3931 quae
285 3848 461 3932 putabatur
493 3849 724 3934 praestantiam
760 3870 854 3912 nemo
884 3847 916 3910 in
952 3849 1167 3935 suspicionem
1197 3860 1229 3912 et
1255 3869 1392 3913 examen

166 3951 307 4017 vocavit.

253 4051 299 4118 Ut
326 4076 346 4118 a
377 4052 556 4119 minoribus
590 4055 631 4119 ad
660 4054 784 4118 maiora
812 4053 1021 4118 ascendamus
1047 4052 1139 4118 Stich.
1163 4076 1192 4116 v.
1216 4051 1280 4121 535
1302 4054 1335 4118 ἰη
1358 4053 1393 4117 A

166 4154 235 4221 solo
258 4155 377 4221 lectum

257 4429 277 4495 ¹)
295 4428 336 4482 Cf.
355 4428 441 4483 etiam
458 4427 633 4499 Laidolphus
650 4445 677 4498 p.
696 4430 754 4483 217.
773 4429 831 4483 218.

254 4550 276 4616 ²)
295 4547 463 4601 accuratius
482 4546 574 4602 locum
591 4547 725 4601 tractavit
742 4546 874 4602 Goetains
891 4546 910 4600 l.
928 4563 952 4602 c.
969 4563 996 4616 p.
1015 4548 1065 4601 272
1083 4562 1120 4614 sq.
