3120 5138
566 272 771 373 ’-2-1-

59 475 258 562 ravistellos:
281 476 408 564 ‚‚quis“‚
430 477 544 563 inquit,
567 478 670 560 „haec
693 489 741 544 est
762 478 877 544 mulier
899 488 931 564 et
952 476 1006 542 ille
1029 475 1211 542 ravistellus
1226 475 1283 560 qui

59 580 199 646 venitm
243 580 382 668 denique
404 581 492 666 apud
513 581 652 647 Paulum
675 605 707 670 p.
729 583 772 647 96
793 581 874 646 haec
896 590 1022 645 extant:
1046 578 1282 664 ,gravastellus

60 685 177 749 senior.
222 683 374 749 Plautus:
413 684 489 772 „qui
527 698 576 749 est
602 685 816 772 gravastellus
844 683 897 771 qui
934 681 1102 764 advenit“,
1138 693 1173 745 ut
1204 693 1283 768 puto

59 783 278 870 gravastellus
305 807 326 850 a
347 785 510 870 gravitate
530 785 657 851 dictus!
692 786 785 852 vides
799 786 899 873 igitur
922 785 1009 873 apud
1025 785 1133 870 ipsum
1147 784 1283 848 Festum

59 884 196 953 eandem
219 885 398 971 scripturae
427 887 645 953 diversitatem
668 901 790 968 extare,
816 911 900 977 quae
924 892 1005 953 inter
1027 885 1282 952 Ambrosianum

59 997 92 1053 et
113 987 280 1053 Palatinos
307 988 486 1055 intercedit.
529 993 712 1056 rucritctlam
735 1003 844 1058 autem
869 1013 973 1079 neque
995 1013 1068 1056 eum
1091 1012 1162 1055 esse
1176 1011 1281 1075 posse,

59 1089 116 1177 qui
138 1090 209 1155 ravi
232 1090 348 1156 coloris
370 1103 434 1170 est,
458 1115 562 1180 neque
584 1115 674 1173 eum,
702 1096 758 1180 qui
779 1094 884 1160 ravim
905 1095 926 1158 i.
950 1117 977 1160 e.
1005 1113 1137 1157 raucam
1169 1112 1281 1156 vocem

58 1192 170 1270 habet,
208 1192 407 1281 laeidolphus
450 1210 536 1261 recte
575 1198 698 1263 monuit
729 1200 775 1285 (p.
802 1197 889 1285 212).
949 1197 1058 1284 itaque
1093 1217 1167 1260 cum
1200 1195 1282 1260 haec

58 1296 219 1382 scriptura
241 1297 318 1362 terri
340 1309 493 1385 nequeat,
523 1300 565 1364 ad
592 1300 726 1366 alteram
756 1321 868 1365 vocem
896 1290 1093 1385 pravostallua
1119 1319 1179 1362 nos
1209 1319 1282 1362 con-

59 1414 223 1466 vertamus
246 1422 377 1466 necesse
399 1413 463 1480 est3
486 1402 577 1468 cuius
599 1403 757 1490 originem
778 1424 817 1467 ac
838 1402 1107 1488 significationem
1130 1399 1282 1469 aVerrio

57 1502 179 1567 Flacco
207 1502 298 1567 Festi
320 1515 451 1568 auctore
478 1527 649 1592 perperam
676 1505 872 1591 explicatam
901 1504 1025 1570 Loewii
1053 1525 1189 1569 acumen
1212 1526 1282 1591 per-

59 1605 176 1689 spexit
203 1604 330 1670 Placidi
346 1606 432 1670 euim
447 1606 598 1692 glossam,
622 1630 719 1694 qnam
734 1606 915 1693 Deuerliug
931 1630 961 1692 p.
976 1605 1029 1683 49,
1048 1605 1088 1669 16
1103 1605 1150 1669 sic
1164 1603 1281 1668 edidit:

58 1707 296 1792 ‚gravastellas,
326 1730 443 1794 graves
468 1708 575 1773 idest
601 1710 693 1774 annis
723 1712 812 1794 (cuni
832 1707 932 1783 librir
956 1706 1212 1793 praeclarissime
1234 1707 1281 1773 sic

57 1809 242 1874 emendavit
280 1810 331 1876 vir
368 1811 611 1896 sagacissimus:
651 1811 869 1898 ‚gravastella‚
905 1812 1003 1896 γραῦς
1038 1810 1072 1875 id
1107 1822 1156 1874 est
1187 1819 1279 1875 anus‘

56 1913 179 1999 (Proef.
213 1914 309 1999 ΕΜ.
332 1912 485 1999 XXIV).
534 1935 574 1978 ac
601 1915 681 1978 scite
710 1911 836 1977 addidit
857 1911 1058 1998 heidolphus
1084 1913 1281 1998 procustellus

57 2013 270 2079 derivandum
286 2037 355 2080 esse
378 2037 491 2081 avoce
505 2028 670 2101 provector,
693 2037 776 2103 quae
799 2015 842 2079 ad
865 2014 1001 2080 eandem
1016 2013 1160 2079 radicem
1183 2026 1279 2099 atque

57 2137 122 2181 vox
144 2138 263 2201 graeca
286 2119 384 2202 γραῦς
410 2118 544 2202 redeat.
576 2139 680 2205 neque
696 2116 783 2205 quod
797 2117 840 2180 ad
853 2115 1010 2180 rationem
1025 2115 1280 2201 interpolationis

56 2218 90 2282 in
111 2215 145 2284 A
164 2220 271 2285 factae
293 2221 423 2298 attinet,
446 2244 520 2286 cum
549 2218 729 2308 leidolpho
758 2218 837 2283 mihi
863 2239 928 2281 non
956 2218 1116 2282 convenit.
1161 2221 1279 2284 etenim

56 2341 129 2384 cum
168 2319 247 2407 quid
284 2343 349 2386 vox
387 2324 584 2407 praumatus
616 2321 677 2387 sibi
711 2321 825 2398 vellet,
864 2319 1093 2407 grammaticus
1131 2321 1279 2399 nesciret,

57 2420 230 2487 verborum
251 2446 342 2487 ramas
370 2425 421 2488 vel
447 2427 529 2488 racis
555 2447 676 2489 memor
704 2435 737 2488 et
763 2422 959 2489 vocabulum
988 2422 1064 2486 inde
1097 2422 1279 2488 derivatum

55 2523 188 2589 subesse
229 2526 411 2612 suspicatus
443 2528 609 2592 ravistellus
643 2526 704 2592 sibi
737 2525 845 2603 finxit3
889 2525 958 2589 eius
989 2537 1097 2589 autem
1126 2524 1279 2610 interpre-

58 2626 211 2701 tationem
234 2649 274 2692 ne
296 2627 432 2696 Verrius
456 2629 587 2716 quidem
612 2629 744 2716 sprevit.

85 2753 90 2762 ·
139 2727 280 2795 Prorsus
309 2730 467 2795 consimili
500 2731 596 2796 modo
617 2731 841 2796 Palatinorum
874 2731 1061 2794 memoriam
1090 2742 1186 2795 antea
1214 2752 1279 2794 non

55 2831 255 2897 intellectam
297 2833 434 2917 ideoque
477 2845 618 2919 spretam
659 2832 701 2898 ab
746 2833 833 2898 omni
878 2831 1060 2917 suspicione
1101 2832 1279 2898 vindicavit

57 2933 278 3003 Buechelerus
299 2935 333 2999 in
348 2936 418 3001 Mil.
434 2937 510 3020 plor.
533 2959 564 3000 v.
589 2936 673 3001 1180

183 3036 226 3102 Id
248 3059 408 3104 conexum
429 3039 464 3104 in
491 3060 603 3104 umero
626 3040 729 3115 laevo,
751 3034 982 3103 exfafillato
998 3037 1159 3103 bracchio.

57 3139 103 3207 sic
126 3137 171 3221 P3
193 3139 314 3205 Paulus
334 3163 366 3226 p.
381 3140 437 3206 83:
462 3139 680 3219 ,Effafilatnm
707 3126 869 3218 exertum,
907 3141 992 3228 quod
1019 3140 1142 3205 scilicet
1167 3162 1278 3205 omues

57 3251 169 3308 exerto
186 3241 317 3308 brachio
329 3243 394 3308 sint
407 3243 538 3315 exfilati.
554 3243 648 3309 idest
663 3256 755 3309 extra
766 3244 993 3309 vestimentum
1004 3242 1058 3308 filo
1069 3253 1277 3307 contextum‘

56 3345 88 3408 A
120 3343 255 3429 praebet
283 3346 472 3432 erp-lloto,
507 3360 554 3423 ‚ut
581 3345 664 3409 inter
698 3368 720 3431 p
751 3356 783 3409 et
815 3346 827 3409 l
860 3346 998 3431 spatium
1039 3356 1192 3432 quattuor
1226 3347 1277 3411 vel

57 3447 201 3534 quinque
228 3447 410 3513 litterarum
439 3448 501 3512 sit‘
545 3470 630 3535 quae
665 3448 840 3533 scriptura,
872 3470 1069 3535 quamquam
1092 3449 1277 3533 corruptela

58 3549 267 3634 depravatam
300 3551 400 3616 luisse
434 3574 475 3616 ex
509 3549 614 3636 spatio
641 3551 820 3616 litterarum
848 3549 1088 3637 deperditarum
1125 3550 1276 3636 colligere

57 3651 142 3729 licet,
165 3651 243 3739 quin
267 3653 308 3718 ad
331 3653 518 3740 ccpapitlato
538 3653 668 3729 redeat,
696 3652 779 3717 alter
800 3651 895 3718 Pauli
917 3653 1008 3716 locus
1030 3653 1109 3717 iacit
1130 3664 1165 3717 ut
1187 3652 1277 3717 dubi·

56 3754 119 3819 tari
156 3766 311 3841 nequeat3
356 3753 487 3819 exhibet
526 3752 611 3819 enim
649 3752 677 3817 is
713 3776 743 3838 p.
772 3753 828 3817 79:
874 3754 1094 3842 ‚llxpapillato
1132 3753 1276 3833 brachio,

57 3868 186 3934 exerto,
218 3856 306 3943 quod
327 3879 425 3945 quom
452 3856 501 3934 tit,
529 3855 652 3942 papilla
673 3855 841 3933 nudatur⁴;
875 3857 1076 3922 adeundam
1100 3869 1208 3923 autem
1230 3880 1276 3923 re·

59 3958 241 4024 censionem
257 3970 383 4045 spectat
399 3959 432 4026 N
434 3960 526 4025 ouius
543 3982 573 4045 p.
590 3958 665 4024 103:
683 3957 890 4044 ,expapillato
906 3959 1053 4037 brachio,
1071 3960 1165 4043 quasi
1175 3981 1278 4043 usque

60 4059 100 4125 ad
121 4061 278 4146 papillam
300 4061 466 4128 renudato.
509 4061 645 4128 Plautus
667 4061 737 4130 Mil.
750 4061 832 4148 glor.
853 4061 907 4144 „id
931 4083 1089 4126 conexum
1109 4062 1144 4125 in
1166 4083 1277 4127 umero

58 4162 160 4241 laevo,
183 4163 380 4252 expapillato
403 4164 580 4231 brachio.“‘
623 4163 833 4229 Ambrosiaui
853 4165 1044 4249 scripturam
1065 4162 1277 4229 aRitsohelio

58 4290 186 4356 quoque
207 4278 372 4354 receptam
394 4278 431 4334 ut
449 4267 637 4343 miriamur,
666 4266 701 4330 id
728 4267 929 4352 potissimum
948 4265 1053 4348 efficit,
1074 4265 1160 4349 quod
1184 4266 1277 4330 metri

57 4370 164 4457 gratia
179 4370 273 4436 tertia
290 4370 380 4437 verbi
401 4372 589 4459 atpopt'llare
609 4368 736 4456 syllaba
752 4371 944 4456 corripiatur
959 4391 1089 4434 necesse
1107 4380 1164 4433 est.
1202 4391 1277 4432 nam

58 4473 145 4563 quod
152 4473 329 4540 Muellerus
334 4473 555 4562 (Pros.Plaut.
568 4496 599 4561 p.
605 4473 682 4562 264)
695 4473 961 4563 significationem
973 4472 1068 4538 huius
1079 4472 1168 4536 vocis
1180 4493 1277 4559 quam
