3120 5138
752 332 814 404 130

168 544 666 614 erstereWahrscheinlichkeit‘.
690 543 746 608 ubi
763 565 823 629 ego
840 544 872 606 in
890 543 1083 606 contrariam
1102 553 1231 626 partem
1250 543 1381 612 discedo.

168 671 367 734 namque-
383 657 419 712 ut
442 651 525 712 intra
540 647 635 711 Stichi
648 647 727 710 fines
745 668 802 709 nos
826 661 991 710 teneamus
1009 684 1045 693 -
1061 668 1135 710 cum
1160 648 1193 710 in
1216 669 1258 711 ea
1281 669 1383 713 versus

168 754 241 819 535.
256 751 329 820 387.
344 751 524 816 427-429.
542 749 722 826 tet-445,
738 769 818 832 quos
842 743 1007 812 scaenicae
1031 749 1257 812 retractationi
1281 749 1382 815 deberi

170 856 405 920 demonstrasse
420 852 500 916 mihi
516 852 636 928 videor,
652 853 683 915 iu
701 851 735 915 A
751 851 818 915 solo
839 865 959 927 extent,
982 874 1094 915 versus
1116 868 1228 916 autem
1251 853 1384 929 48-57,

168 956 224 1043 qui
242 956 320 1021 item
339 977 381 1020 ex
397 954 553 1019 eiusmodi
571 955 798 1018 retractatione
821 975 923 1036 eaque
946 953 1074 1016 diversa
1097 955 1137 1019 ab
1163 954 1231 1031 illa,
1256 955 1382 1020 ineolis

167 1057 212 1136 P,
247 1057 274 1122 si
299 1058 423 1124 Goetzii
453 1059 610 1121 sententia
640 1056 863 1140 amplectenda
892 1068 990 1134 esset,
1019 1080 1128 1121 omnes
1158 1059 1192 1122 hi
1224 1082 1337 1125 versus
1356 1061 1387 1124 iu

168 1160 330 1225 communi
345 1159 512 1242 utriusque
534 1158 727 1222 recensionis
751 1159 928 1243 archetypo
951 1171 980 1243 ψ
1001 1161 1152 1238 fuissent3
1175 1161 1262 1227 illud
1285 1173 1386 1227 autent

167 1262 335 1347 exemplar
346 1285 377 1338 u,
390 1260 477 1345 quod
492 1260 729 1324 Ambrosianus
742 1262 937 1325 recensionis
949 1275 1061 1327 auctor
1072 1264 1114 1327 ad
1127 1266 1387 1330 emendationem

167 1365 286 1430 codicis
310 1388 329 1428 a
350 1386 384 1429 se
408 1364 545 1428 confecti
568 1363 753 1439 adhibebat,
783 1386 858 1427 cum
881 1375 910 1447 ψ
932 1386 1044 1429 versus
1066 1365 1137 1430 535.
1161 1364 1238 1432 387.
1263 1369 1327 1433 427
1347 1368 1386 1433 ad

167 1468 241 1535 429.
257 1467 428 1532 tet-445
442 1466 653 1551 interpolatos
666 1488 849 1531 communes
861 1466 1028 1531 habuisset
1039 1467 1178 1553 (absque
1190 1469 1255 1535 hoc
1268 1471 1386 1548 fuisset,

167 1594 222 1638 eos
237 1591 365 1657 quoque
383 1569 577 1654 delevisset),
600 1591 664 1632 non
681 1590 757 1633 vero
772 1569 914 1647 48-57;
937 1579 1049 1635 contra
1065 1571 1203 1636 alterum
1221 1574 1387 1660 exemplar

168 1673 337 1738 histricum
358 1694 394 1752 π,
419 1671 505 1758 quod
529 1671 665 1735 eundem
689 1673 722 1735 in
744 1671 841 1737 finem
864 1685 976 1738 auctor
998 1674 1195 1739 recensionis
1217 1675 1386 1742 Palatinae

166 1776 358 1853 adhibebat,
386 1795 460 1839 cum
487 1785 517 1858 ψ
545 1797 655 1839 versus
682 1775 820 1839 48-57
852 1777 929 1842 item
960 1777 1170 1863 interpolatos
1198 1801 1384 1844 communes

168 1878 343 1956 habuisset,
366 1899 430 1942 non
447 1899 523 1942 vero
546 1881 619 1944 535.
634 1877 705 1944 387.
717 1878 896 1948 tat-429.
911 1881 1093 1947 441-445.
1108 1883 1220 1964 itaque
1238 1882 1387 1948 iamnunc

168 2005 252 2047 nova
274 1980 419 2065 quaestio
442 1983 600 2058 exoritur,
624 1981 788 2046 undenam
810 1983 842 2046 in
866 1983 1031 2068 exemplar
1053 2007 1074 2048 u
1098 2007 1210 2049 versus
1235 1985 1301 2050 535
1323 1984 1386 2050 rell.

165 2093 198 2148 et
221 2087 255 2148 iu
277 2082 442 2166 exemplar
461 2103 490 2146 π
514 2069 624 2147 versus
647 2083 773 2149 tit-ot
797 2085 1012 2169 pervenerint,
1035 2087 1197 2170 quomodo
1221 2089 1326 2173 igitur
1347 2088 1382 2152 si·

168 2185 313 2251 militudo
336 2208 402 2249 una
424 2195 456 2248 et
477 2185 647 2250 diversitas
670 2196 737 2250 tam
759 2186 842 2250 inter
864 2198 893 2270 ψ
916 2199 947 2250 et
968 2212 1005 2270 α,
1029 2210 1127 2273 quam
1148 2190 1236 2255 inter
1259 2202 1291 2275 ψ
1313 2203 1343 2256 et
1361 2212 1386 2255 rt

167 2287 363 2375 explicanda
384 2287 435 2351 sit.
470 2287 560 2351 vides
582 2289 616 2353 in
638 2287 847 2353 difficultates
870 2289 1110 2356 inextricabiles
1136 2313 1195 2356 nos
1218 2291 1384 2381 implicari

169 2391 296 2460 Goetzii
312 2390 469 2475 opinione.
495 2401 528 2454 at
543 2391 616 2454 vide
634 2414 732 2475 quam
746 2391 842 2455 facile
860 2391 967 2455 omnia
979 2391 1203 2476 expediantur,
1222 2392 1253 2458 si
1264 2416 1385 2459 mecum

167 2495 290 2573 credis,
324 2495 411 2577 quod
444 2493 486 2557 ad
517 2494 777 2578 persuadendum
805 2516 902 2577 quam
931 2495 1071 2558 maxime
1105 2495 1293 2581 appositum
1327 2506 1384 2561 est:

166 2596 366 2685 exemplaria
394 2595 448 2659 illa
471 2596 612 2678 histrico,
637 2597 837 2681 adquorum
860 2619 1006 2661 normam
1030 2609 1177 2662 auctores
1199 2608 1233 2662 et
1254 2601 1384 2666 Ambro-

168 2704 251 2767 siani
273 2710 307 2766 ct
328 2698 548 2764 Palatinarum
572 2700 766 2764 recensionis
789 2699 888 2764 libros
911 2721 985 2764 suos
1009 2700 1233 2785 corrigebant,
1264 2714 1297 2766 et
1317 2702 1384 2790 ipsa

166 2803 360 2889 interpolata
374 2803 489 2877 fuisse3
512 2804 621 2885 itaque
638 2803 762 2890 siquos
778 2824 890 2866 versus
907 2803 940 2866 in
963 2802 1025 2866 illis
1047 2803 1081 2881 ii,
1103 2802 1158 2886 qui
1183 2803 1383 2869 recensiones

166 2904 357 2982 condebant,
373 2905 564 2968 invenerunt
581 2926 690 2982 novos,
705 2905 744 2969 iis
759 2905 859 2969 libros
876 2927 950 2969 suos
967 2915 1143 2982 auxerunt3
1167 2927 1284 2970 versus
1302 2929 1381 2989 vero,

167 3010 271 3096 quiin
289 3008 353 3073 illis
369 3006 608 3093 exemplaribus
625 3008 766 3071 histricis
781 3029 844 3070 non
867 3006 1031 3085 extabant,
1053 3009 1086 3070 in
1108 3007 1257 3092 ipsorum
1282 3021 1382 3075 autem

167 3108 334 3177 codicibus
361 3108 551 3195 legebantur
578 3131 620 3174 ex
648 3111 823 3196 archetypo
851 3112 1019 3195 utriusque
1046 3110 1245 3176 recensionis
1275 3136 1382 3199 propa-

167 3216 244 3303 gati,
261 3236 315 3278 eos
332 3234 537 3297 nequaquam
553 3235 624 3278 eam
639 3213 679 3277 ob
696 3235 826 3278 causam
843 3215 1044 3290 deleverunt;
1068 3213 1147 3297 quid
1171 3216 1260 3280 enim
1285 3216 1382 3302 magis

167 3328 419 3383 consentaneum
435 3327 492 3392 est,
516 3338 614 3402 quam
636 3327 672 3379 ut
695 3316 767 3380 illos
791 3339 903 3381 versus
924 3317 959 3380 iu
982 3317 1047 3380 suis
1070 3316 1249 3394 codicibus,
1274 3319 1333 3385 hos
1353 3319 1381 3380 in

166 3420 231 3485 illis
253 3418 492 3506 exemplaribus
516 3419 654 3483 histrieis
676 3420 809 3504 periisse
832 3419 1002 3506 putarent?
1030 3441 1105 3483 uam
1127 3418 1169 3483 de
1192 3441 1308 3485 eorum
1329 3421 1380 3485 ori·

165 3523 241 3610 gine
268 3535 325 3586 aut
351 3521 502 3585 Plautina
529 3534 584 3586 aut
617 3523 788 3587 subditicia
822 3522 1043 3609 quaestionem
1078 3521 1132 3585 vix
1167 3522 1381 3588 instituerunt

166 3648 205 3692 ea
226 3625 325 3711 igitur
347 3624 590 3689 ratiocinatione
613 3625 728 3691 ductus
751 3626 791 3690 de
813 3634 881 3690 tota
905 3626 965 3690 hae
987 3624 1175 3710 quaestione
1200 3625 1354 3691 iudicavi.

84 3807 86 3810 y
250 3727 293 3791 In
314 3726 343 3792 P
366 3738 473 3791 autem
496 3727 677 3792 scaenicam
696 3728 854 3815 originem
863 3732 888 3814 ¹)
916 3728 1078 3793 redolent:

165 3831 262 3917 Epist.
288 3830 452 3897 109-111
757 3832 829 3918 quis
851 3835 911 3896 erit
935 3831 1011 3896 vitio
1034 3829 1147 3916 quiid
1171 3841 1280 3896 vortat
1304 3827 1379 3896 tibi?

250 3933 259 4019 ll
282 3930 345 4016 Qui
369 3933 526 4010 invident,
551 3956 660 3998 ornnes
682 3935 829 3999 inimicos
852 3934 931 3998 mihi
952 3934 1028 3997 illoc
1049 3935 1135 3997 facto
1158 3935 1301 4021 repperi

252 4039 296 4101 At
317 4036 492 4122 pudicitiae
515 4039 584 4101 eius
606 4058 782 4121 numquam
806 4060 866 4102 nec
891 4039 955 4101 vim
977 4058 1036 4125 nec
1058 4035 1174 4100 vitium
1199 4037 1303 4104 attuli.

252 4140 353 4226 llam
381 4140 462 4204 istoc
493 4139 624 4224 probior
652 4163 685 4203 es
708 4161 780 4204 meo
807 4138 938 4223 quidem
965 4139 1087 4217 animo,
1114 4159 1192 4203 cum
1218 4138 1254 4204 in
1281 4157 1377 4205 amore

1131 4252 1306 4328 temperes.

168 4344 208 4408 cf.
231 4344 387 4411 Goetains
409 4344 430 4409 l.
455 4367 482 4409 c.
504 4366 535 4429 p.
558 4343 622 4408 270
643 4343 718 4409 adn.

254 4570 274 4638 ¹)
291 4568 406 4638 ineptas
419 4567 661 4637 interpolationes,
685 4567 764 4622 velut
784 4568 852 4636 post
872 4563 1030 4621 Possideat}
1046 4560 1084 4630 ιι,
1100 4562 1222 4623 mim
1237 4582 1300 4623 m
1312 4577 1388 4623 m
