3120 5138
695 321 757 389 105

112 526 193 593 bant
214 528 404 594 condicione
426 530 627 617 χαρακτῆρας
649 539 773 595 tantum
796 525 996 595 discrevisse.
1025 547 1090 614 qua
1116 525 1156 591 de
1184 548 1281 593 causa
1303 523 1337 591 in

111 653 304 697 scaenarum
332 631 433 696 titulis
462 629 553 695 initio
574 630 656 695 nihil
677 630 738 696 nisi
761 630 880 718 quibus
903 628 1065 715 personis,
1096 629 1184 695 velut
1206 629 1336 695 senibus

113 734 376 800 adulescentibus
401 733 552 820 parasitis
568 732 790 799 meretricibus
806 731 858 810 al,
880 732 913 796 in
929 753 1048 797 scaena
1070 731 1233 817 agendum
1255 741 1339 797 esset

114 837 272 922 scriptum
298 845 379 901 erat
413 835 499 900 hanc
525 834 784 920 antiquissimam
812 835 977 901 titulorum
1004 835 1139 900 formam
1167 836 1201 898 in
1227 834 1337 900 arche·

113 950 194 1025 typo
220 938 389 1023 utriusque
417 936 612 1004 recensionis
643 937 805 1003 communi
833 937 932 1003 fuisse
954 937 1029 1003 iude
1057 936 1220 1023 sequitur,
1249 937 1337 1021 quod

113 1045 149 1111 iu
176 1044 205 1109 P
231 1054 281 1108 sat
308 1064 406 1130 saepe
435 1043 507 1128 ipsa
538 1052 680 1108 aetatem
707 1041 781 1107 tulit
789 1042 832 1126 ¹),
860 1041 896 1106 id
918 1040 1005 1129 quod
1027 1062 1091 1105 non
1114 1062 1192 1106 casu
1214 1041 1337 1105 factum

114 1168 203 1224 esse,
231 1145 288 1211 sed
317 1157 457 1211 veterem
484 1146 672 1211 memoriam
699 1155 941 1231 repraesentare
964 1164 1002 1209 eo
1024 1143 1145 1221 elucet,
1175 1141 1262 1227 quod
1284 1163 1338 1209 ex·

113 1260 210 1334 cepta
229 1247 336 1334 priore
356 1248 527 1312 Truaslenti
541 1260 633 1334 parte
645 1246 766 1334 ubique
778 1252 947 1335 οημείωσις
962 1246 1017 1311 illa
1030 1269 1102 1313 cum
1115 1246 1337 1312 characterum

113 1349 349 1439 significatione
364 1351 538 1415 coniuncta
560 1349 732 1414 invenitur.
769 1371 875 1437 neque
891 1350 924 1414 in
948 1351 987 1414 iis
1010 1347 1122 1427 titulis,
1145 1348 1263 1437 quibus
1284 1371 1338 1414 nc

113 1453 203 1518 mina
230 1451 362 1538 propria
384 1451 449 1516 iam
472 1451 585 1517 addita
608 1463 692 1530 sunt,
723 1451 861 1539 vestigia
889 1452 1050 1536 quaedam
1074 1451 1249 1538 genuinam
1277 1453 1339 1516 for·

115 1579 203 1622 mam
230 1556 380 1642 produnt.
423 1553 512 1619 velut
534 1555 631 1642 upra
654 1553 727 1620 112
749 1554 779 1619 P
799 1555 887 1620 hunc
909 1555 1038 1621 titulum
1060 1553 1229 1620 exhibent:
1253 1552 1339 1639 ,Epi-

115 1658 208 1724 dicus
235 1679 349 1722 servus
371 1653 555 1744 Apoecides
578 1655 779 1742 Periphanes
803 1680 896 1723 senes
918 1657 982 1723 duo
1005 1657 1042 1724 O‘
1065 1656 1248 1742 similiaque
1271 1678 1337 1722 sae·

114 1760 189 1850 pius
204 1759 422 1825 inveniuntur.
466 1768 500 1823 at
515 1758 658 1846 ineptum
682 1772 731 1825 est
753 1763 814 1826 duo
836 1760 1021 1826 nominibus
1044 1759 1184 1847 propriis
1206 1760 1339 1844 insuper

115 1862 279 1942 additum3
312 1873 424 1929 contra
445 1860 566 1948 optime
588 1885 622 1927 se
647 1861 760 1929 habuit
783 1885 821 1929 eo
844 1873 1006 1949 tempore,
1028 1886 1093 1948 quo
1115 1863 1246 1928 nomina
1268 1885 1339 1948 pro-

114 1965 189 2052 pria
204 1965 299 2031 titulo
314 1964 456 2030 nondum
475 1963 639 2050 adscripta
657 1975 758 2034 erant.
801 1965 944 2054 genuina
967 1965 1214 2053 inscriptionum
1235 1966 1340 2032 forma

115 2067 235 2134 deinde
249 2068 296 2133 ita
310 2078 434 2133 mutata
450 2077 509 2145 est,
526 2078 562 2132 ut
578 2067 708 2133 uomina
725 2068 857 2156 propria
873 2068 1114 2134 characteribus
1129 2091 1338 2156 personarum

114 2169 323 2248 adderentur,
360 2191 462 2254 eaque
496 2169 619 2257 species
645 2170 678 2234 in
702 2170 728 2234 P
751 2170 845 2256 longe
880 2170 1025 2259 plurimis
1058 2169 1138 2235 locis
1165 2170 1338 2254 invenitur,

115 2274 289 2340 coniuncta
310 2272 367 2336 illa
393 2283 444 2336 sat
465 2271 575 2337 multis
598 2271 676 2337 locis
699 2294 773 2337 cum
796 2273 1028 2358 antiquissimis
1051 2274 1134 2340 notis
1158 2273 1186 2340 O
1209 2284 1241 2340 et
1263 2273 1339 2343 DV.

116 2375 256 2463 denique
272 2373 405 2441 sublatis
429 2373 628 2459 antiquitatis
651 2376 850 2455 testimoniis,
873 2377 1020 2443 semeiosi
1043 2389 1074 2442 et
1097 2377 1338 2444 characteribus

115 2500 339 2566 personarum,
366 2478 436 2542 sola
459 2476 589 2543 nomina
610 2477 743 2564 propria
776 2479 886 2545 relicta
919 2492 1003 2545 sunt.
1047 2492 1144 2566 atque
1178 2481 1240 2546 hoc
1268 2481 1341 2546 titu-

115 2581 221 2649 lorum
240 2603 344 2668 genus
359 2579 598 2646 Ambrosianus
621 2576 875 2647 constantissime
898 2582 1046 2652 ostendit.
1090 2583 1200 2668 itaque
1222 2583 1284 2649 hac
1305 2582 1339 2648 in

117 2684 315 2771 quaestione,
338 2682 487 2768 quamvis
510 2683 631 2768 exigua
653 2683 816 2763 videatur,
844 2686 963 2771 optime
985 2685 1126 2754 cernitur
1154 2708 1238 2770 quae
1267 2707 1340 2750 con-

117 2787 202 2854 dicio
217 2787 301 2852 inter
315 2785 526 2852 Ambrosiani
542 2797 574 2851 et
587 2786 810 2852 Palatinorum
832 2789 1056 2854 recensionum
1078 2799 1223 2874 tempora
1244 2788 1339 2855 inter·

117 2889 220 2959 cedat.
258 2889 378 2954 etenim
397 2911 471 2954 cnm
493 2888 527 2953 in
543 2888 676 2953 historia
692 2889 804 2956 critica
819 2890 928 2956 Plauti
942 2891 1127 2958 fabularum
1141 2891 1339 2977 archetypus

116 2992 286 3077 utriusque
302 2991 496 3057 recensionis
512 2992 690 3057 communis
707 2991 843 3078 primam
856 2995 950 3079 quasi
961 3006 1099 3060 aetatem
1111 3003 1339 3080 repraesentet,

116 3095 340 3163 Palatinorum
367 3094 511 3160 recensio
539 3093 683 3160 medium
710 3095 817 3161 locum
843 3095 964 3164 obtinet
998 3097 1083 3163 inter
1109 3097 1217 3183 ipsum
1252 3096 1340 3162 hunc

116 3197 332 3284 archetypum
361 3212 392 3262 et
422 3195 675 3262 Ambrosiauam
704 3199 938 3278 recensionem,
966 3223 1050 3285 quae
1072 3199 1105 3264 in
1127 3199 1189 3264 hac
1212 3200 1253 3264 do
1275 3219 1341 3283 qua

117 3300 246 3388 agimus
269 3300 458 3386 quaestione
479 3299 637 3387 originem
660 3302 870 3368 recentiorem
892 3314 1004 3389 aperte
1026 3302 1144 3390 prodit.
1168 3324 1245 3366 nam
1265 3325 1341 3367 oum

116 3405 151 3471 in
177 3403 312 3470 remotis
340 3425 550 3491 personarum
579 3403 821 3471 characteribus
855 3407 984 3494 egregie
1018 3405 1079 3471 sibi
1113 3416 1237 3471 constet
1262 3405 1341 3470 Am·

114 3502 298 3584 brociacus,
313 3528 378 3570 non
393 3505 551 3572 incuriam
574 3505 791 3587 librariorum,
814 3509 941 3597 qualem
964 3508 999 3575 in
1021 3509 1050 3574 P
1072 3509 1244 3574 diversitas
1267 3509 1340 3573 titu-

117 3611 224 3677 lorum
251 3609 409 3689 ostendit,
432 3610 489 3675 sed
512 3609 613 3696 ipsius
644 3609 713 3677 eius
736 3612 792 3699 qui
814 3614 1033 3679 recensionem
1056 3610 1202 3677 condidit
1224 3609 1342 3676 delibe-

117 3724 224 3779 ratum
247 3711 416 3778 consilium
439 3712 679 3798 agnoscendam
701 3736 771 3780 esse
801 3727 946 3801 apparet.
990 3714 1031 3780 de
1053 3737 1118 3799 quo
1140 3736 1204 3778 non
1228 3735 1342 3778 vereor

117 3815 255 3902 nequis
279 3827 449 3903 propterea
472 3815 614 3893 dubitet,
644 3817 732 3901 quod
756 3817 850 3883 Stieis.
872 3818 911 3883 Π
933 3817 953 3882 2
975 3816 1009 3882 in
1031 3816 1066 3881 A
1087 3814 1341 3902 superscriptum

117 3930 168 3986 est
204 3918 396 4007 ,Panegyris
429 3918 655 3984 Parasitus‘
702 3928 734 3984 ot
767 3921 879 3984 Pseud.
907 3918 927 3985 I
954 3919 974 3984 2
1013 3919 1138 3998 ,Leno
1171 3917 1342 3984 Calidorus

117 4022 323 4100 Pseudulus‘,
340 4044 538 4110 quamquam
555 4032 715 4087 corrector
730 4020 865 4107 parasiti
887 4044 1003 4088 nomen
1028 4021 1125 4088 Stichi
1145 4041 1282 4087 scaenae
1304 4019 1342 4084 H

119 4125 138 4190 1
168 4123 438 4213 superscripserat
465 4135 497 4189 et
525 4147 543 4190 e
571 4148 600 4192 1.
623 4125 687 4191 330
715 4123 904 4211 depromere
931 4135 1074 4212 poterat,
1117 4145 1178 4188 nec
1211 4144 1273 4188 non
1307 4120 1340 4185 in

119 4317 320 4327 —-———--

206 4445 286 4515 ¹)or.
309 4462 376 4515 ag.
403 4442 904 4502 111111111111111113.
927 4443 1341 4502 111111111111.

120 4528 895 4588 vave.Pseud.12.sstm1.1V3.1vt.
