3120 5138
503 1236 644 1333 Caput
673 1237 863 1333 primum.

154 1594 265 1656 Pseud.
285 1591 462 1658 138-140
483 1590 705 1677 (cf.·Loewius
727 1591 761 1655 in
784 1591 921 1654 Annon.
938 1591 1042 1655 Plaut.
1065 1615 1097 1677 p.
1123 1593 1209 1679 160).
1236 1617 1239 1623 ·

111 1695 195 1779 A:¹)
218 1693 284 1778 Qui
311 1693 392 1759 haec
420 1692 540 1759 habent
562 1693 696 1758 consilia
717 1692 774 1759 ubi
803 1692 879 1757 data
911 1694 1068 1760 occasiost
1107 1717 1185 1780 rape
1217 1707 1289 1761 tene

477 1794 637 1882 Harpaga
663 1779 737 1861 bibi
759 1818 793 1861 es
815 1799 892 1884 fuge
917 1798 990 1863 boe

226 1898 370 1963 Eorum
404 1898 629 1964 officiumst
662 1898 796 1964 mavelis
818 1899 911 1987 lupos
936 1902 1024 1989 apud
1057 1903 1146 1968 oveis
1176 1924 1289 1986 quam

475 1999 545 2064 hos
567 2000 668 2066 domi
691 2001 874 2086 linquere
897 2004 1047 2070 custodes

114 2104 159 2168 B:
195 2103 260 2188 Qui
283 2103 364 2168 hoec
386 2103 506 2168 habent
529 2104 663 2169 consilia
687 2104 740 2170 ubi
765 2104 842 2170 data
863 2107 990 2172 occasio
1006 2118 1054 2172 est
1076 2130 1153 2195 rape
1177 2108 1288 2195 clepo

476 2216 549 2271 tene
565 2205 775 2294 harpagabile
791 2219 839 2274 est
854 2210 940 2296 (boec
954 2214 1056 2274 omnio
1070 2213 1102 2275 iu
1116 2234 1176 2275 uno
1190 2214 1288 2295 vesu)

197 2308 302 2394 rugi
324 2307 396 2374 hoe
417 2320 482 2373 est
503 2331 637 2375 eornm
659 2333 760 2398 opus
782 2321 826 2377 ut
848 2311 999 2378 induellis

195 2410 309 2496 Lupus
332 2423 411 2499 aput
433 2413 503 2478 ovis
525 2412 739 2498 limquere,
762 2437 875 2499 quam
898 2415 967 2481 bos
989 2415 1096 2481 domi
1120 2415 1268 2480 custodes

154 2514 201 2581 Ut
223 2514 345 2580 leviora
366 2515 506 2601 primum
529 2516 749 2602 expediamus,
777 2516 811 2582 in
831 2517 865 2581 A
887 2519 967 2606 slepe
988 2530 1120 2604 propter
1144 2519 1289 2585 homoeo-

72 2619 212 2684 teleuton
242 2641 316 2704 rape
339 2639 418 2683 casu
439 2618 603 2695 omissum,
633 2641 697 2683 non
720 2618 851 2686 consilio
874 2621 1045 2705 expulsum
1068 2620 1137 2685 sine
1161 2620 1288 2707 negotio

69 2721 281 2786 restituemus.
330 2742 424 2805 porro
453 2720 488 2784 in
509 2722 650 2785 indociles
680 2720 760 2786 nihil
787 2722 848 2786 nisi
873 2725 995 2787 mavelit
1019 2723 1118 2788 latere
1146 2734 1290 2811 apparet.

70 2823 217 2894 omnibus
237 2833 344 2888 autem
364 2822 547 2888 nominibus
568 2822 771 2910 exploratum
792 2835 933 2912 estpost
948 2826 1027 2912 foye
1043 2847 1116 2891 oum
1133 2824 1290 2891 sententia

69 2928 165 2992 etiam
189 2949 318 2992 versum
340 2925 426 2990 finiri
453 2936 485 2990 et
506 2926 606 2991 verbo
629 2927 682 2989 boc
703 2926 863 3012 integrum
887 2948 1014 2992 versum
1038 2928 1171 3006 institui,
1194 2949 1290 3014 quem

68 3029 101 3094 in
123 3029 220 3094 aliam
242 3029 336 3094 metri
357 3030 493 3095 formam
516 3027 652 3116 rediget,
674 3028 731 3117 qui
759 3051 833 3094 cum
855 3028 1069 3097 A-mbrosiano
1089 3033 1233 3120 officium,
1257 3033 1290 3096 in

68 3133 180 3211 aliam,
222 3132 278 3221 qui
310 3154 383 3197 cum
416 3131 572 3196 Palatinis
601 3154 674 3217 opus
706 3130 885 3197 ut-Plauto
914 3134 1101 3200 vindicabit.
1155 3134 1196 3201 ab
1230 3135 1291 3199 hac

68 3237 166 3324 igitur
204 3233 421 3321 discrepantia
461 3232 730 3321 proficiscendum
770 3235 840 3300 erit.
896 3258 935 3301 ac
972 3237 1120 3304 Loewius
1158 3238 1289 3325 quidem

68 3342 201 3429 officium
224 3339 321 3425 longe
335 3339 475 3425 praefert
497 3335 596 3402 verbo
621 3360 702 3424 opus,
726 3337 817 3403 cuius
840 3337 911 3403 loco
935 3338 1080 3405 debuerit
1102 3340 1165 3404 dici
1188 3363 1288 3426 opera,

70 3443 157 3507 velut
187 3465 216 3510 v.
241 3442 302 3507 142
332 3463 441 3529 ‚opera
468 3439 595 3504 fallunt‘
626 3440 687 3506 160
718 3463 805 3518 ‚num
835 3441 890 3524 qui
916 3442 1021 3506 minus
1049 3442 1191 3509 omnium
1218 3454 1290 3507 utor

68 3545 197 3633 opera?‘
222 3545 283 3610 183
313 3543 403 3632 ,quid
424 3543 516 3625 mihi,
546 3541 607 3606 nisi
630 3542 759 3626 melum,
784 3555 893 3608 vostra
914 3566 1013 3632 opera
1034 3556 1109 3622 est‘3
1131 3546 1172 3610 cf.
1194 3544 1290 3609 etiam

68 3647 138 3714 219.
171 3660 204 3711 at
227 3646 326 3712 verba
349 3647 420 3726 ,hoc
444 3658 491 3711 est
515 3668 625 3711 eorum
649 3656 740 3732 opus‘
763 3648 893 3712 omnino
917 3648 1013 3713 uliam
1029 3648 1175 3735 flagitant
1196 3647 1289 3712 inter·

68 3750 293 3838 pretationem:
319 3748 416 3815 verbo
440 3748 522 3814 enim
547 3771 620 3836 opus
636 3770 766 3832 prorsus
782 3750 894 3815 eadem
910 3749 1102 3836 significatio
1119 3748 1289 3830 tribuenda

68 3864 119 3918 est
142 3863 239 3940 atque
267 3853 340 3917 voci
368 3854 510 3940 officium.
567 3851 653 3940 quod
682 3863 718 3917 ut
748 3877 820 3918 curn
848 3841 1000 3918 Plautina
1032 3853 1184 3940 loquendi
1217 3873 1289 3917 con·

68 3955 236 4022 suetudine
258 3979 323 4022 non
345 3967 467 4020 certare
490 3966 704 4042 cognoscatur
727 3955 806 4020 haee
835 3956 1042 4020 conferantur
1064 3955 1229 4042 exempla:

69 4113 269 4126 —n————

156 4211 177 4281 ¹)
189 4211 276 4281 siglis
288 4211 332 4265 his
344 4216 420 4265 utar:
433 4214 476 4264 Ar
486 4210 707 4264 =Ambrosiani
725 4212 864 4281 scripture
875 4230 909 4266 ex
922 4211 1080 4277 Ritschelii‚
1092 4211 1133 4263 As
1145 4227 1180 4264 ex
1189 4209 1291 4264 Stude·

68 4297 172 4363 mnndi,
188 4296 274 4350 Alex
289 4287 396 4351 Loewii
415 4295 572 4350 collatione.
602 4295 809 4351 P==codicum
827 4295 1019 4351 Palatinorum
1030 4311 1188 4350 consensus.
1214 4294 1238 4348 Β
1256 4316 1291 4337 ==

69 4380 127 4435 cod
144 4384 241 4447 vetus,
266 4381 288 4435 O
304 4402 338 4423 =
355 4381 415 4435 cod.
433 4380 548 4445 decurt,
565 4379 592 4432 D
608 4407 641 4425 =
657 4381 717 4435 eod.
736 4381 911 4449 Ursinianus,
934 4381 956 4435 J
969 4405 1003 4422 =
1024 4381 1084 4436 cod.
1102 4378 1291 4447 Britannicus,

68 4463 140 4521 B=
160 4467 220 4523 cod.
240 4465 444 4522 Ambrosianus
462 4481 531 4519 saec
548 4463 634 4532 xm,
