3120 5138
677 301 878 404 —ms-

168 504 366 572 Ritschelius
382 507 465 575 Prot.
482 529 513 592 p.
527 506 723 572 LXXXIII
734 508 748 596 (
753 507 841 595 opt
853 530 882 592 p.
895 506 972 594 339)
980 505 1189 570 Ambrosiani
1202 506 1385 569 memoriam

168 610 336 695 praetulit3
362 609 418 674 sed
441 632 500 696 per
522 620 622 674 totam
646 611 836 675 latinitatem
860 611 998 696 obrepere
1020 630 1093 671 cum
1117 606 1228 671 dativo
1244 608 1387 672 iunctum

169 723 226 795 est,
253 713 339 777 velut
354 712 437 778 Hor.
460 738 488 777 a.
501 738 534 800 p.
554 737 584 782 v.
602 713 666 778 360
689 713 788 799 ‚operi
809 713 907 798 longo
921 713 972 776 fas
988 724 1034 774 est
1050 709 1205 796 obrepere
1221 720 1386 775 somnum‘.

168 819 283 882 unicus
298 818 427 881 Poenoli
449 817 600 904 prologus
617 839 689 881 oum
706 840 736 881 v.
755 817 794 879 14
809 817 947 903 obrepere
969 827 996 878 te
1012 815 1169 893 ostendat,
1191 815 1293 882 simul
1309 815 1388 880 unde

167 921 202 984 in
224 919 479 985 Ambrosianum
504 921 560 984 illa
588 930 749 986 structura
776 919 958 1004 pervenerit
986 928 1156 985 monstrat.
1207 920 1279 1005 ipse
1308 919 1389 983 enim

169 1022 222 1088 hic
249 1023 403 1108 prologus
430 1045 495 1087 non
524 1023 682 1087 aPlauto
713 1025 892 1109 profectus,
926 1021 982 1085 sed
1016 1021 1058 1084 ad
1092 1022 1226 1086 iteratas
1261 1022 1389 1088 fabulae

167 1125 309 1190 actiones
332 1127 436 1191 factus
459 1135 508 1190 est
530 1123 571 1189 ab
587 1126 808 1204 histrionibus,
831 1128 887 1209 qui
909 1126 943 1188 in
963 1145 1037 1189 eum
1059 1123 1220 1210 evulgari
1245 1147 1389 1191 sermone

167 1249 251 1311 quae
274 1249 333 1292 nec
357 1227 474 1292 Plauto
498 1227 597 1312 digna
620 1250 680 1292 nec
702 1228 833 1293 omnino
855 1228 956 1292 latina
981 1238 1056 1290 sunt
1084 1227 1262 1292 identidem
1279 1229 1389 1296 intule-

168 1340 259 1407 runt3
293 1351 403 1394 eorum
431 1351 548 1413 operae
577 1351 650 1394 cum
683 1352 779 1395 versu
811 1329 851 1394 14
884 1330 1028 1406 ,tacitum
1057 1341 1088 1394 te
1115 1329 1251 1415 obrepet
1277 1333 1389 1397 fames‘

170 1433 325 1497 debeatur
348 1432 486 1519 obrepere
508 1453 581 1496 cum
611 1432 797 1497 accusativo
819 1432 979 1508 iunctum,
1009 1454 1114 1496 nonne
1137 1433 1238 1497 altero
1262 1457 1389 1520 quoque

167 1536 247 1613 loco,
272 1557 335 1623 quo
358 1536 425 1601 solo
447 1545 614 1622 praeterea
628 1535 800 1612 invenitur,
824 1557 866 1599 ex
888 1534 1027 1599 histricis
1042 1536 1284 1622 exemplaribus
1309 1538 1390 1604 hanc

168 1638 438 1703 constructionem
457 1650 648 1722 repetemus,
667 1660 739 1702 cunr
757 1639 858 1703 altera
874 1638 1017 1702 recensio
1035 1638 1106 1702 usui
1121 1638 1254 1725 linguae
1270 1640 1389 1706 latinae

166 1741 364 1809 satisfaciat?
393 1742 501 1805 versui
521 1753 630 1807 autem
658 1743 739 1810 Tria
761 1746 824 1809 974
850 1741 968 1825 ,Nimis
991 1757 1145 1826 argute-
1162 1741 1338 1828 obrepsisti
1357 1747 1389 1809 in

165 1867 262 1930 eapse
284 1845 530 1926 occasiuncula‘,
555 1869 654 1931 quem
676 1846 874 1911 Ritschelius
896 1845 1017 1909 inserto
1044 1868 1092 1908 me
1113 1846 1205 1914 hiatu
1229 1847 1388 1932 liberavit,

166 1948 257 2014 aliter
279 1948 531 2014 succurrendum
554 1971 623 2014 esse
647 1951 707 2015 viri
731 1949 816 2014 docti
839 1947 963 2014 dudum
987 1947 1146 2014 viderunt.

209 2053 302 2119 Mero.
324 2052 385 2116 521

251 2150 301 2218 A:
325 2154 438 2219 Bonae
460 2156 568 2220 hercle
591 2165 623 2220 te
646 2156 734 2241 frugi
758 2153 896 2218 arbitror

251 2256 293 2320 P:
317 2256 443 2321 Bonam
466 2258 574 2322 hercle
598 2269 628 2322 te
651 2269 683 2322 et
704 2257 791 2344 frugi
812 2256 959 2334 arbitror,

167 2358 221 2423 ubi
244 2358 467 2425 Palatinorum
490 2361 649 2447 scriptura
671 2359 882 2425 histrionibus
906 2358 1048 2425 debetur.

208 2463 277 2526 Mil.
300 2463 374 2547 plor.
398 2462 460 2527 745

252 2567 300 2630 A:
324 2565 521 2631 Serviendae
544 2565 691 2630 servituti
714 2587 774 2652 ego
797 2587 907 2629 servos
930 2565 1071 2628 instruxi
1094 2562 1182 2643 mihi,

319 2667 462 2754 Hospes,
496 2690 559 2732 non
593 2668 648 2751 qui
683 2669 726 2732 mi
756 2669 968 2753 imperarent,
1005 2668 1164 2754 quibusve
1195 2690 1258 2754 ego
1285 2691 1389 2735 essem

1134 2770 1304 2841 obnoxius.

167 2873 253 2960 quod
276 2873 304 2936 P
326 2871 483 2957 praebent
506 2872 652 2936 Sarmenti
673 2871 850 2958 (Sasiam
871 2872 919 2954 D)
941 2876 1077 2938 cenatote
1099 2873 1184 2938 redit
1206 2873 1248 2939 ad

317 2974 495 3040 Servientis
517 2977 705 3038 servitutem
727 2996 788 3058 ego
809 2996 919 3040 servos
940 2975 1081 3041 instruxi
1104 2976 1193 3040 mihi.

166 3076 374 3140 Ambrosiani
406 3077 599 3161 scripturam
636 3078 811 3162 genuinam
848 3078 947 3143 luisse
981 3101 1064 3167 quae
1104 3092 1283 3162 sequuntur
1318 3102 1389 3146 sen-

166 3179 287 3242 tentiae
315 3178 428 3243 finales
457 3180 576 3263 optime
605 3180 778 3266 participio
804 3181 903 3244 futuri
931 3181 1053 3267 passivi
1079 3181 1312 3269 respondentes
1337 3182 1388 3248 de·

166 3289 353 3348 monstrant.
397 3281 619 3346 Palatinorum
646 3282 841 3368 scripturam
868 3285 895 3346 si
922 3284 964 3348 ad
991 3285 1267 3371 grammaticos
1288 3287 1388 3352 refers

167 3403 340 3468 quamnam
363 3385 450 3448 dioes
473 3385 619 3450 mutandi
642 3407 773 3450 oausam
795 3387 916 3453 fuisse?

253 3486 321 3553 Mil.
343 3488 418 3572 plor.
441 3491 503 3554 567
524 3488 574 3553 A:
596 3487 683 3552 Dato
706 3489 958 3555 excruciandum
980 3511 1031 3554 me

530 3591 572 3655 P:
595 3590 681 3656 Dato
705 3591 925 3656 excruciatum
947 3614 1010 3671 me,

167 3707 340 3782 utrumque
363 3693 565 3772 Plautinum;
600 3695 638 3760 cf.
663 3695 754 3758 Poen.
780 3694 862 3760 1302
889 3694 972 3776 ,Iam
994 3693 1102 3758 hercle
1131 3714 1191 3779 ego
1213 3693 1313 3758 illunc
1336 3715 1388 3758 ex-

169 3797 378 3861 cruciandum
406 3805 508 3861 totum
538 3797 690 3861 carnufici
713 3797 808 3862 dabo‘
832 3797 905 3873 AP;
939 3798 1012 3863 Aul.
1036 3795 1099 3860 250
1127 3795 1172 3873 ,Si
1194 3795 1304 3861 hercle
1328 3816 1388 3882 ego

169 3911 200 3965 te
222 3923 285 3965 non
309 3901 539 3986 elinguandam
562 3900 705 3978 dedero‘;
739 3901 835 3987 Epid.
861 3900 919 3963 121
950 3896 1064 3982 ,Quem
1092 3897 1223 3982 quidem
1251 3920 1313 3983 ego
1336 3899 1388 3963 ho·

167 4004 286 4068 minem
308 4004 483 4090 inrigatum
506 4003 611 4090 plagis
640 4004 751 4087 pistori
775 4003 887 4086 daho‘3
920 4002 1004 4088 Capt.
1032 4001 1095 4066 658
1123 3999 1222 4079 ,Num
1250 4000 1387 4088 ligatum

168 4105 339 4193 (lignatum
361 4109 463 4194 codd.)
486 4106 675 4171 mittimur?‘

254 4210 312 4276 Sat
339 4210 447 4274 multis
476 4211 555 4274 locis
582 4209 769 4287 histriones,
801 4222 837 4275 ut
863 4208 960 4274 hodie
990 4229 1118 4292 quoque
1146 4208 1254 4272 iacere
1276 4205 1387 4284 solent,

170 4334 228 4378 sua
250 4312 382 4377 inventa
405 4335 529 4377 summa
552 4333 625 4377 cum
647 4312 777 4376 licentia
792 4311 899 4376 verbis
920 4327 1034 4398 poetae
1057 4309 1278 4387 subiecerunt3
1301 4308 1388 4394 quod

169 4438 266 4500 saepe
288 4424 356 4478 tam
373 4415 451 4480 scite
473 4416 595 4479 factum
619 4437 689 4480 esse
706 4414 840 4492 videbis,
863 4425 899 4479 ut
920 4415 1069 4500 quamvis
1085 4414 1168 4478 inter
1189 4433 1224 4477 se
1241 4412 1387 4477 diversae

169 4520 232 4583 sint
256 4539 408 4591 versuum
429 4518 551 4583 formae
574 4518 662 4593 nullo
684 4517 804 4584 indicio
825 4517 953 4583 illorum
976 4515 1153 4582 tentamina
1179 4515 1303 4607 possint
1327 4515 1388 4584 dis·
