3120 5138
792 39 834 92 &U

209 227 374 293 W‘a‘hrcnd
408 229 475 294 also
508 229 560 294 die
594 230 806 317 palatinische
839 231 1019 297 Recension
1060 231 1130 296 eine
1168 232 1314 298 erlaubte
1348 234 1429 303 Ver-

204 331 385 416 schleifung
412 331 470 396 der
498 331 614 397 beiden
641 332 898 419 Ansangssiiben
925 356 988 398 von
1021 336 1180 400 senectuti
1214 336 1428 403 erforderlich

205 434 324 512 machi,
347 435 389 498 ist
410 456 444 499 es
467 435 670 519 zweifelhaft‚
703 435 745 500 ob
767 436 825 502 der
848 436 1132 502 Ambrosianische
1154 437 1340 503 Recensent
1364 438 1427 504 die·

204 537 291 602 selbe
322 537 573 625 Verschleifung
610 539 668 603 mit
703 539 784 604 Hiat
821 540 854 603 in
892 540 948 604 der
982 562 1117 605 caesura
1156 541 1427 628 penthemimeres

203 640 358 706 statuiren
382 640 498 719 wollte,
521 642 599 706 oder
622 642 704 706 ohne
727 642 808 707 Hiat
830 642 896 706 und
910 642 1157 730 Verschieifung
1178 667 1219 708 zu
1240 644 1330 709 lesen
1355 667 1424 712 vor-

203 766 278 832 zog:
296 743 381 810 Suae
397 745 551 810 senectuti
566 744 722 809 acriorem
738 745 875 808 hiemem
891 753 995 828 parat.
1033 743 1097 808 Die
1113 754 1232 810 erstere
1247 745 1428 813 Annahme

204 846 260 911 hat
289 850 437 932 griissere
463 843 832 911 Wahrscheinlichkeit..‘
877 856 910 908 at
937 846 964 909 si
993 846 1211 912 recensionem
1243 849 1427 928 statuimus,

203 971 344 1033 quanam
367 970 466 1012 causa
490 959 702 1012 correctorem
724 951 749 1011 is
771 947 903 1011 eiecisse
926 947 1135 1034 putabimus?
1168 951 1313 1035 profecto
1336 951 1428 1017 nulla

203 1050 269 1116 alia
305 1050 484 1137 excogitari
527 1060 645 1137 potest,
683 1073 781 1134 quam
819 1064 982 1115 auctorem
1021 1052 1216 1116 recensionis
1254 1076 1427 1120 mensurae

203 1155 349 1217 aena'ctuti
369 1154 518 1240 ignarum
534 1153 567 1217 id
591 1153 706 1239 egisse,
729 1165 765 1217 ut
787 1156 812 1216 is
833 1153 935 1218 eiecto
958 1164 1095 1218 metrum
1117 1164 1322 1220 restauraret.
1361 1179 1429 1241 qua

202 1255 371 1321 occasione
399 1255 505 1321 oblata
526 1255 663 1321 alterum
690 1256 796 1322 locum
820 1266 959 1320 tractare
982 1257 1014 1320 in
1039 1256 1147 1322 animo
1169 1267 1231 1334 est,
1265 1258 1323 1325 ubi
1344 1257 1426 1325 item

202 1360 227 1422 ia
249 1380 420 1444 perperam
442 1358 475 1423 in
498 1359 528 1422 A
552 1370 702 1423 nontam
725 1359 860 1424 eiectum
884 1381 980 1444 quam
1004 1380 1081 1423 casu
1109 1359 1262 1438 omissum
1287 1360 1429 1427 videtur.

293 1477 374 1542 Trio.
397 1476 470 1544 849.
493 1476 556 1543 850

270 1596 388 1662 Dicam
405 1595 446 1660 ab
462 1618 499 1661 eo
516 1595 705 1660 homine'me
722 1597 894 1682 accepisse,
906 1618 1002 1681 quem
1014 1618 1075 1680 ego
1090 1597 1144 1685 qui
1157 1597 1198 1661 sit
1208 1597 1304 1664 homo
1318 1600 1433 1665 nescio

202 1702 251 1765 A:
275 1699 388 1787 Neque
410 1698 485 1763 novi
508 1721 612 1782 neque
635 1710 728 1764 natus
752 1720 871 1763 necne
894 1699 1031 1782 fuerit,
1055 1700 1089 1763 id
1112 1700 1212 1764 solide
1235 1703 1302 1766 scio

202 1803 247 1868 P:
751 1823 872 1865 necne
895 1803 926 1866 is
949 1801 1073 1866 fuerit

206 1923 240 1986 in
262 1921 291 1986 P
320 1943 395 1986 cum
417 1924 442 1984 aa
464 1930 626 1984 servatum
660 1921 711 1997 sit,
744 1922 826 1985 bene
856 1921 1100 2005 distinguuntur
1126 1923 1221 1985 armaio
1244 1943 1338 2008 neque
1359 1926 1436 1988 raoni

204 2063 242 2072 —-
279 2047 373 2110 aeque
393 2027 428 2088 id
449 2025 543 2089 solido
571 2028 645 2099 acio,
679 2035 767 2087 natus
795 2046 883 2088 necno
910 2026 935 2087 is
951 2025 1059 2110 fuerat.
1115 2026 1210 2088 nereio
1237 2046 1331 2110 neque
1359 2028 1436 2090 uoci

203 2149 314 2191 omnes
330 2126 436 2192 sciunt
458 2138 526 2191 tam
541 2138 609 2192 arte
632 2126 803 2192 coniuncta
826 2149 905 2204 esse,
930 2142 964 2191 ut
979 2126 1071 2210 quasi
1094 2125 1127 2188 in
1150 2148 1248 2190 unam
1265 2127 1431 2192 notionem

204 2230 390 2294 coaluerint.
451 2252 586 2314 quorum
624 2228 785 2294 obiectum
823 2252 911 2315 qoam
950 2251 1022 2294 cum
1060 2228 1093 2291 in
1132 2228 1290 2292 sententia
1323 2228 1432 2294 altera

205 2331 342 2397 subiecti
359 2333 431 2396 vica
446 2333 611 2417 fungatur,
634 2331 749 2396 iterata
765 2331 963 2418 pronominis
979 2330 1097 2416 positio
1114 2330 1140 2394 si
1156 2351 1219 2394 non
1234 2332 1432 2410 necessaria,

204 2444 310 2499 tamen
334 2434 501 2520 aptissima
524 2444 580 2501 est.
624 2434 774 2521 exemplo
797 2434 838 2499 sit
859 2435 956 2521 Epio.
979 2433 1058 2498 576:
1083 2432 1179 2517 ‚Quia
1201 2455 1272 2519 ego
1294 2434 1433 2500 istanc

205 2560 289 2622 quae
312 2538 371 2602 siet
393 2560 496 2624 neque
524 2540 591 2603 scio
614 2560 718 2625 neque
741 2537 832 2613 novi,
862 2560 966 2622 neque
997 2560 1067 2624 ego
1095 2538 1197 2602 hanc
1229 2534 1330 2601 oculis
1359 2536 1432 2602 vidi

205 2652 279 2705 ante
313 2641 400 2704 hunc
433 2641 538 2705 diem‘
581 2639 637 2704 ubi
671 2640 698 2703 si
733 2639 896 2704 obiectum
930 2642 1025 2703 irtaco
1059 2652 1154 2724 poeta
1187 2637 1337 2724 repetivit
1369 2660 1432 2726 per

204 2745 291 2820 hanc,
304 2754 425 2828 quanto
438 2742 643 2807 verisimilius
660 2753 709 2808 est
728 2765 801 2807 eum
828 2742 912 2806 idem
936 2742 969 2805 in
995 2743 1165 2805 Tmnorrami
1182 2763 1274 2805 versu
1298 2739 1431 2825 fecisse,

203 2847 259 2911 ubi
282 2844 444 2909 obiectum
467 2845 581 2932 prioris
604 2844 781 2910 sententiae
803 2843 836 2907 in
860 2846 1042 2910 subiectum
1065 2843 1197 2909 alterius
1221 2842 1345 2912 transit.

298 2967 379 3029 Tria
403 2965 467 3030 560

248 3085 290 3150 P:
316 3085 437 3171 Lepide
459 3084 567 3149 hercle
590 3083 635 3148 de
658 3106 737 3170 agro
760 3106 821 3171 ego
842 3084 928 3149 hunc
951 3104 1059 3148 senem
1082 3082 1223 3148 deterrui

251 3189 297 3254 A:
313 3187 439 3273 Lepide
454 3187 561 3252 hercle
585 3210 664 3273 agro
687 3209 747 3274 ego
771 3187 844 3252 hoc
866 3186 953 3252 hunc
977 3208 1086 3251 senem
1109 3186 1260 3251 deterrui.

206 3309 247 3375 de
269 3309 408 3373 sanitate
437 3330 548 3373 versus
575 3307 798 3372 Palatinorum
825 3330 918 3372 nemo
948 3307 1124 3385 dubitabit3
1152 3307 1192 3372 de
1219 3302 1437 3371 Ambrosiani

209 3422 317 3478 autem
340 3410 529 3476 correctoris
548 3409 686 3488 consilis,
711 3433 783 3476 cum
806 3420 941 3475 metrum
959 3410 1124 3475 turbatum
1141 3409 1191 3486 sit,
1215 3407 1436 3497 periculosum

208 3526 256 3581 est
279 3514 432 3581 iudicare.
478 3514 505 3578 si
528 3536 604 3580 vero
622 3524 752 3601 propter
767 3513 930 3601 duplicem
953 3511 1203 3597 discrepantiam
1224 3508 1436 3577 statuendum

209 3640 279 3684 esse
295 3618 433 3696 videtur,
450 3639 514 3682 non
531 3639 604 3681 cum
619 3616 827 3682 Lachmanno
843 3639 971 3682 versum
987 3615 1029 3680 ad
1045 3616 1129 3680 hanc
1146 3616 1291 3692 formam,
1307 3612 1437 3700 lepide

209 3720 316 3787 hercle
340 3721 419 3808 agrd
442 3742 503 3807 ego
526 3720 587 3786 hoc
607 3720 695 3785 hunc
712 3741 821 3784 senem
843 3719 996 3786 deterrui‘
1019 3718 1125 3783 redire
1147 3716 1344 3804 putaverim,
1374 3717 1436 3784 sed

209 3823 316 3910 potius
349 3823 391 3889 ad
426 3822 561 3910 ,Lepide
588 3822 697 3888 hercle
727 3844 806 3911 agro
840 3823 901 3888 hdc
931 3845 992 3909 ego
1014 3823 1101 3887 hrinc
1130 3842 1239 3887 senem
1268 3820 1436 3888 deterrui!

211 3927 303 4012 origo
341 3936 449 3992 autem
489 3926 675 3992 mutationis
704 3925 779 3990 inde
814 3925 990 4011 repetenda
1019 3925 1162 4002 videtur,
1202 3923 1289 4008 quod
1317 3934 1373 3990 aut
1397 3927 1438 3991 da

212 4038 285 4117 post
318 4029 413 4094 hercle
446 4029 570 4094 excidit
602 4040 658 4094 aut
680 4051 863 4095 mensuram
894 4029 933 4093 ut
958 4052 1033 4114 apro
1059 4039 1220 4093 corrector
1242 4048 1305 4091 non
1328 4027 1437 4115 magis

212 4130 362 4217 probavit
384 4154 481 4216 quam
510 4133 591 4196 Tria
616 4132 708 4197 1078.
753 4133 846 4196 Marc.
869 4130 948 4210 5343
980 4132 1021 4195 cf.
1044 4151 1076 4215 p.
1102 4128 1151 4196 19.
1196 4127 1309 4194 vitium
1333 4128 1438 4216 igitur

214 4232 282 4300 sive
305 4253 444 4300 errorem
468 4246 629 4300 corrector
650 4232 761 4299 addito
782 4234 835 4298 doc
857 4233 968 4301 toliere
991 4230 1124 4299 studuit.
