3120 5138
679 311 881 421 ...Q

172 520 430 603 multitudinem,
461 521 578 613 quibus
608 523 696 590 nulla
726 526 855 590 omuino
883 520 1030 590 mutandi
1059 542 1157 588 causa
1179 539 1220 588 ac
1245 518 1330 587 ratio
1353 516 1393 586 di·

173 628 255 714 spici
281 636 396 716 potest,
427 650 469 694 ex
497 628 656 692 eiusmodi
682 627 922 716 exemplaribus
952 629 1086 715 petitam
1115 649 1187 691 csse-
1212 625 1295 690 mihi
1327 646 1392 710 per·

173 752 302 795 suasum
325 741 382 798 est.
426 732 544 797 etenim
568 731 679 815 quiin
701 729 820 796 fabulis
843 730 1001 795 Plautinis
1022 732 1069 794 ita
1090 729 1230 814 grassati
1252 737 1338 808 sunt,
1362 738 1393 792 ut

172 830 214 897 ab
237 833 371 918 integris
394 836 520 898 scaenis
542 834 756 899 audacissime
779 832 992 899 retractandis
1016 854 1080 896 uon
1096 831 1319 912 abhorrerent,
1335 830 1392 894 siu·

172 934 264 1020 gulos
288 958 416 1021 quoque
439 957 553 1001 versus
575 949 606 1002 et
628 937 730 1002 verba
751 937 897 1020 attigisse
923 946 1174 1000 cousentaneum
1203 943 1266 1009 est3
1302 954 1391 997 nemo

173 1038 257 1102 euim
281 1049 329 1104 est
352 1040 429 1126 quin
452 1039 534 1104 sciat
556 1052 692 1127 quantas
715 1038 908 1105 mutationes
937 1039 1079 1102 omnium
1102 1058 1185 1120 quae
1215 1043 1249 1099 in
1277 1057 1392 1100 scaeua

172 1152 311 1226 aguntur
340 1139 523 1207 fabularum
550 1142 652 1208 verba
679 1143 816 1207 subeant
843 1142 1034 1206 histrionum
1057 1161 1171 1226 opera,
1200 1138 1271 1204 sive
1295 1159 1391 1202 novos

165 1265 284 1308 versus
307 1243 479 1308 ludibundi
501 1244 625 1310 addunt
654 1246 777 1310 sivein
801 1245 906 1310 locum
928 1241 1178 1318 vocabulorum,
1207 1262 1292 1326 quae
1316 1241 1391 1326 ipsis

171 1348 278 1411 minus
305 1346 447 1433 placent,
477 1347 603 1432 aptiora
625 1370 708 1436 quae
730 1347 881 1413 videntur
904 1347 1114 1427 substituunt,
1147 1344 1296 1409 ordinem
1326 1363 1391 1412 ver-

172 1448 286 1514 borum
301 1462 435 1531 mutant,
459 1449 525 1515 alia
545 1451 664 1515 similia
687 1460 850 1515 conantur.
899 1449 1080 1513 cuiusmodi
1103 1447 1297 1512 mutationes
1321 1467 1391 1509 cum

171 1552 214 1616 ad
238 1551 408 1616 histriones
431 1551 578 1630 referam,
595 1555 727 1639 egregie
743 1553 879 1618 adiuvor
895 1552 1133 1637 comparatione
1149 1548 1389 1635 tragoediarum

170 1675 369 1739 graecarum,
393 1655 427 1718 in
444 1676 580 1738 quarum
597 1655 687 1722 libris
703 1659 932 1743 manuscriptis
947 1655 1059 1741 quales
1074 1652 1185 1718 turbas
1199 1651 1390 1716 histrionum

171 1758 341 1824 conamina
357 1759 516 1823 moverint
531 1768 581 1824 sat
595 1759 703 1824 multis
728 1759 806 1824 locis
821 1758 1028 1823 manifestum
1043 1768 1100 1834 est,
1117 1753 1279 1821 nonnullis
1296 1754 1392 1818 etiam

170 1860 415 1925 scholiastarum
438 1860 565 1926 disertis
588 1862 778 1928 testimoniis
802 1861 976 1943 evincitur3
1001 1859 1128 1946 quade
1151 1881 1186 1922 re
1209 1856 1286 1922 vide
1308 1878 1391 1939 quae

171 1962 370 2048 collegerunt
397 1963 585 2030 Dindorfius
615 1967 648 2029 in
678 1965 785 2030 indice
807 1963 895 2028 aaut
913 1963 1024 2049 Eurep.
1051 1987 1075 2026 s.
1097 1986 1130 2027 v·
1155 1957 1332 2047 ὑποκριτής
1362 1970 1392 2022 et

173 2065 334 2151 Berghius
364 2066 482 2133 aaron
510 2067 709 2135 suite-Gemit.
732 2067 784 2131 111
806 2089 836 2154 p.
859 2065 995 2129 70-72.
1041 2076 1073 2129 at
1095 2063 1242 2128 modicus
1265 2076 1314 2127 est
1338 2085 1391 2127 uu·
1426 2150 1428 2155 Α

171 2191 278 2233 merus
294 2171 451 2235 eiusmodi
468 2171 611 2237 locorum
629 2170 751 2253 inillis,
770 2172 892 2257 quippe
907 2191 1043 2255 quarum
1061 2166 1279 2253 iutegritatem
1301 2165 1390 2252 leges

170 2275 216 2337 rei
233 2271 382 2358 publicae
397 2273 636 2356 quodammodo
651 2283 826 2354 servarent,
844 2273 960 2358 ingens
976 2284 1023 2336 est
1041 2274 1072 2335 iu
1089 2269 1207 2335 fabulis
1218 2269 1390 2349 Plautinis,

170 2398 253 2462 quae
281 2377 417 2441 simulac
446 2402 463 2442 c
490 2379 640 2444 manibus
667 2387 781 2465 poetae
808 2377 999 2463 prodierunt
1026 2376 1217 2440 histrionum
1239 2374 1390 2439 licentiae

170 2481 298 2544 omnino
315 2481 455 2546 traditae
478 2492 579 2548 erant.
623 2473 826 2546 verissimum
849 2480 949 2567 igitur
972 2481 1054 2545 duco
1072 2476 1208 2565 Bergkii
1222 2476 1389 2560 iudicium,

170 2581 256 2669 quod
278 2582 296 2647 l.
315 2607 342 2648 c.
358 2582 445 2647 tulit:
468 2583 542 2662 ‚Elin
559 2584 682 2650 Drama
706 2583 902 2670 vollstiindig
925 2607 964 2647 zu
988 2579 1211 2647 iiberurbciteu
1235 2579 1302 2645 und
1326 2579 1389 2644 deu

169 2684 356 2751 Wiinschen
380 2686 437 2752 des
462 2686 655 2753 Publikums
678 2687 911 2775 entsprecbend
936 2685 1067 2750 zurecht
1089 2708 1129 2749 au
1152 2683 1300 2762 macheu,
1325 2706 1389 2750 uas

167 2791 236 2854 sich
260 2791 312 2854 die
334 2790 516 2855 rdmisohen
540 2791 768 2880 Schauspieler
792 2795 850 2858 mit
873 2793 934 2857 den
954 2788 1150 2856 Comoedien
1174 2790 1231 2853 des
1255 2787 1390 2852 Plautus

168 2892 350 2972 erlaubteu,
380 2893 435 2958 hat
456 2916 530 2959 man
555 2894 638 2960 wohl
661 2919 721 2960 uur
743 2895 843 2960 selteu
872 2900 1021 2981 gewagt.‘
1064 2894 1149 2959 idem
1178 2906 1303 2974 tamen,
1334 2895 1390 2978 qui

168 3018 209 3060 ex
225 2996 281 3060 tali
297 2996 486 3062 histrionum
510 3019 609 3084 opera
631 2998 814 3086 frequentes
838 3000 984 3064 codicum
1009 2998 1242 3084 discrepantias
1265 2995 1391 3080 primus

167 3101 333 3186 repetivit,
363 3099 521 3186 exemplis
552 3099 593 3165 ad
616 3101 699 3166 hanc
722 3126 788 3166 rem
813 3102 1098 3169 demonstrandam
1128 3115 1194 3166 tam
1216 3122 1280 3165 non
1304 3101 1390 3188 aptis

106 3201 108 3206 ’
168 3224 242 3266 usus
270 3211 317 3267 est
347 3201 459 3289 (Beitr.
491 3226 517 3267 a.
545 3204 598 3268 lat.
629 3203 766 3271 Granum.
796 3229 826 3292 p.
852 3206 936 3294 132),
966 3219 1002 3273 ut
1031 3229 1088 3272 suo
1115 3207 1187 3271 iure
1208 3202 1391 3270 Schoellius

167 3305 274 3391 (Anat.
307 3307 411 3370 Pluut.
445 3330 476 3392 p.
502 3307 630 3395 1-14)
658 3309 727 3374 eius
753 3312 911 3376 rationem
938 3313 1146 3398 impugnasse
1175 3307 1325 3373 videatur
1360 3317 1392 3372 et

168 3430 268 3495 usque
295 3410 338 3474 ad
367 3411 424 3474 hos
454 3413 524 3476 dies
552 3436 646 3478 nemo
675 3413 761 3500 quod
788 3416 887 3478 sciam
917 3414 957 3478 ed
987 3414 1048 3478 hoc
1077 3411 1260 3498 corrigendi
1284 3431 1389 3494 genus

167 3513 286 3576 reverti
303 3523 436 3577 conatus
452 3516 502 3582 sit.
525 3536 578 3579 me
601 3538 677 3580 vero
693 3516 860 3600 Augustus
875 3517 1171 3599 Reifferscheidius,
1196 3525 1390 3602 praeceptor

166 3608 411 3694 illustrissimus,
439 3616 672 3683 adhortabatur
700 3641 741 3682 ne
763 3617 900 3704 Bergkii
925 3621 1044 3685 iudicio
1066 3619 1215 3705 neglecto
1239 3619 1271 3681 iu
1294 3618 1390 3682 aesti-

167 3718 293 3783 mandis
316 3723 538 3786 recessionum
562 3722 786 3808 discrepantiis
809 3722 852 3787 ad
868 3724 1057 3788 histrionum
1080 3723 1243 3803 licentiam
1273 3742 1390 3807 parum

167 3821 380 3902 attenderem3
414 3824 511 3908 idque
539 3825 708 3890 consilium
735 3848 799 3912 quo
830 3825 949 3891 diutius
980 3825 1199 3913 persequebar
1221 3846 1260 3888 eo
1282 3823 1389 3909 magis

166 3924 246 3990 mihi
273 3925 443 4013 probatum
471 3938 528 3993 est.
572 3949 649 3992 sane
676 3927 843 3994 fatendum
871 3943 919 3993 est
946 3953 1008 3993 non
1038 3929 1150 4015 paucis
1179 3927 1258 3991 locis
1281 3937 1402 4005 utrum„

167 4029 336 4094 histriones
364 4053 406 4094 au
431 4031 635 4116 grammatici
663 4043 810 4097 auctores
839 4035 1051 4098 mutationum
1073 4029 1215 4096 habendi
1237 4029 1301 4093 siut
1324 4052 1388 4095 non

166 4156 261 4222 posse
284 4157 358 4201 cum
380 4133 445 4199 fide
467 4134 649 4200 diiudicari.
694 4158 835 4223 namque
858 4138 918 4200 etsi
942 4156 1173 4224 saepenumero
1195 4136 1389 4198 mutationes

167 4239 340 4325 quasdam,
376 4261 459 4326 quae
492 4238 535 4303 ab
568 4239 777 4305 histrionibus
807 4239 968 4325 profectae
1003 4251 1090 4320 sunt,
1124 4235 1301 4303 certissime
1337 4259 1389 4301 ne·

166 4364 244 4426 gare
259 4344 434 4427 poterimus
456 4364 474 4404 a
497 4343 716 4426 grammaticis
740 4342 842 4407 factas
865 4365 945 4421 esse,
968 4364 1030 4406 uon
1054 4342 1167 4405 eadem
1189 4337 1389 4403 confidentia

166 4447 359 4511 mutationes
402 4446 630 4531 grammaticas
671 4467 735 4510 non
777 4445 919 4532 potuisse
963 4465 1004 4508 ex
1047 4443 1236 4506 histrionum
1281 4463 1389 4507 exem-

166 4549 311 4636 plaribus
348 4554 380 4617 iu
420 4561 546 4618 nostros
585 4551 713 4616 codices
752 4551 918 4616 transferri
954 4547 1144 4614 audebimus
1183 4544 1389 4615 contendere.
