3120 5138
574 274 772 373 —m—

56 477 217 543 tinischen
233 477 420 544 Recension
442 477 476 543 in
500 479 621 544 diesem
637 479 729 545 Falla
745 479 863 567 gewisa
880 481 968 546 nicht
985 481 1047 548 den
1060 480 1195 569 Voraug
1216 466 1292 550 ver·⁸

57 579 158 658 dient,
180 581 307 646 machte
331 579 450 646 daraus
471 581 515 645 im
531 580 689 647 Hinbliclr
709 584 768 648 aul
786 583 838 648 die
860 584 1148 670 nttchstfolgeuden
1175 587 1283 672 Septe-

57 705 137 749 nare
152 684 325 771 folgenden
342 687 443 751 troch.
461 684 633 771 Septenar:
649 684 760 764 ‚Velut
771 726 814 737 -
824 686 983 752 rusticus‘.
1017 687 1087 752 Der
1100 687 1284 755 Recensent

56 785 117 850 der
139 785 167 850 P
183 788 330 874 dagegen
353 787 458 853 stellte
473 788 517 853 im
533 788 712 854 Auschluss
734 812 774 853 an
790 789 843 854 die
859 789 1146 876 vorhergehenden
1162 791 1284 858 Seuere

58 889 154 955 einen
190 912 284 955 wenn
317 890 406 955 nicht
440 890 702 969 Plautinischen,
741 891 823 957 doch
863 892 919 956 des
950 892 1084 958 Plautus
1117 895 1284 982 wiirdigen

52 991 261 1081 jambischen
276 992 379 1060 Senar
394 993 474 1058 her.‘
519 995 572 1059 cui
596 993 658 1059 viri
673 992 851 1058 doctissimi
867 994 1043 1059 sententiae
1059 1017 1123 1060 non
1140 996 1181 1061 ab
1196 999 1282 1062 omni

57 1108 151 1183 parte
173 1118 224 1162 me
246 1095 397 1163 addicere
412 1118 543 1182 possum
550 1121 559 1174 ;
587 1118 730 1181 namque
754 1118 816 1161 non
841 1108 907 1162 tam
929 1097 1173 1184 ,pleonasmum‘
1193 1099 1283 1166 illum

57 1202 186 1286 aprestt‘s
196 1203 323 1264 mutiens
334 1198 375 1265 ab
390 1210 520 1265 auctore
532 1200 729 1266 recensionis
741 1198 874 1264 consilio
889 1199 1033 1278 inlatum,
1045 1202 1144 1267 immo
1155 1224 1282 1268 versum

57 1302 273 1388 ,glossematis
284 1301 466 1366 dilatatum‘
479 1302 512 1366 in
522 1302 557 1367 A
575 1318 686 1366 extare
697 1302 876 1367 rectissime
890 1301 1076 1368 observavit
1087 1303 1282 1383 Schoellius3

57 1417 156 1490 atque
179 1404 315 1470 verbum
338 1408 464 1491 oprestt'a
491 1427 555 1469 una
578 1426 651 1470 cnm
673 1404 782 1493 glossa
803 1409 935 1470 mutiens
964 1406 1041 1470 olim
1068 1405 1207 1492 margini
1229 1407 1283 1472 ad-

58 1508 216 1593 scriptum
246 1506 345 1571 fuisse
373 1507 445 1592 ipsa
472 1505 646 1572 verborum
675 1509 707 1572 in
735 1507 799 1574 fine
826 1531 939 1574 versus
967 1508 1135 1574 collocatio
1165 1511 1282 1596 arguit.

57 1610 147 1677 haud
174 1609 269 1674 aliter
296 1610 413 1674 habitat
443 1631 501 1696 pro
528 1608 637 1694 glossa
661 1611 702 1674 ad
718 1612 806 1676 babet
821 1611 985 1697 adscripta
1007 1611 1189 1678 habendam
1213 1635 1283 1679 esse

56 1713 270 1800 Niemeyerus
298 1711 425 1777 Placidi
453 1711 569 1797 glossis
592 1711 699 1776 citatis
728 1715 775 1799 (p.
797 1714 886 1800 526)
916 1714 1060 1779 indicare
1087 1738 1150 1779 non
1174 1738 1284 1801 super-

57 1813 150 1897 sedit,
174 1837 373 1899 quamquam
395 1815 471 1881 huic
493 1816 675 1881 testimonio
698 1839 826 1882 omnem
843 1817 908 1882 vim
923 1817 1069 1903 abrogat.
1115 1818 1222 1884 necin
1245 1841 1283 1885 eo

58 1918 281 1983 Studemundo
293 1917 457 1983 adsentior
469 1918 555 2002 qnod
569 1917 647 1984 dicit
659 1930 823 1986 auctorem
835 1921 1032 1986 recensionis
1045 1921 1283 1988 Ambrosianus

58 2044 187 2087 versum
209 2020 272 2086 246
294 2023 511 2108 septenarium
540 2022 694 2087 formasse
721 2022 959 2111 insequentium
983 2046 1134 2090 versuum
1157 2025 1282 2090 ratione

56 2123 185 2189 habita:
207 2124 305 2188 immo
328 2142 489 2190 corrector
511 2125 662 2190 metricus
678 2146 752 2190 cum
775 2147 904 2191 versum
922 2126 1127 2212 glossematis
1144 2128 1282 2215 receptis

57 2227 141 2292 iusto
156 2227 334 2315 longiorem
349 2228 435 2293 intra
449 2228 567 2292 senarii
589 2228 669 2292 fines
686 2249 834 2293 coercere
851 2250 915 2293 non
932 2239 1049 2315 posset,
1063 2230 1280 2314 septenarium

56 2330 152 2395 linxit
174 2341 206 2395 et
228 2331 354 2395 adeius
376 2353 521 2396 normam
539 2331 637 2396 etiarn
653 2331 818 2417 proximos
834 2353 946 2396 versus
971 2333 1004 2396 in
1026 2333 1280 2419 septenariorum

55 2433 194 2498 formam
208 2433 334 2520 redegit
345 2434 402 2520 pol
414 2434 542 2511 omisso,
558 2437 666 2498 tramit
681 2457 740 2519 pro
757 2434 918 2498 transilivit
932 2435 1113 2521 supposito,
1129 2447 1282 2524 quattuor

56 2535 203 2601 versibus
226 2539 260 2601 in
282 2546 348 2601 tres
371 2537 559 2600 contractis:

165 2641 192 2707 1.
214 2638 320 2704 Nimis
352 2638 496 2704 mortalis
523 2638 649 2723 lepidus
673 2639 832 2723 nimisque
855 2639 979 2724 probus
1002 2638 1095 2704 dator
1105 2641 1147 2726 1);
1175 2640 1231 2704 sed
1254 2640 1281 2704 is

667 2740 750 2806 cldm
773 2752 898 2826 patrem

163 2844 193 2908 2.
216 2826 324 2909 Etiam
337 2865 465 2908 —eum
489 2842 561 2909 volo

162 2946 192 3014 3.
217 2946 398 3013 Cdnvenire
413 2983 450 2996 -
463 2944 723 3011 violentissimus.

55 3050 111 3114 sed
147 3049 365 3117 Ambrosiano
400 3047 614 3134 Niemeyerus
643 3047 863 3132 patrocinatur
895 3046 996 3111 libelli
1033 3069 1132 3133 supra
1159 3068 1276 3111 memo-

56 3153 118 3218 rati
141 3176 173 3241 p.
188 3152 240 3231 49,
263 3163 299 3218 ut
314 3174 420 3239 saepe,
444 3152 490 3216 ita
511 3150 555 3216 ibi
578 3172 707 3236 quoqne
722 3149 764 3214 ad
787 3171 896 3214 omnes
914 3149 1057 3236 argutias
1081 3148 1279 3236 confugiens.

56 3269 154 3340 atque
177 3267 213 3320 ut
235 3255 264 3320 ei
292 3254 469 3340 largiamur
490 3254 577 3339 qnod
599 3254 634 3316 in
655 3253 842 3340 pleonasmo
865 3256 989 3338 apertis
1010 3254 1138 3316 mutiens
1159 3273 1279 3338 magno

56 3379 153 3443 opere
175 3357 370 3437 delectatur,
403 3357 535 3442 gravius
569 3368 617 3422 est
650 3355 737 3439 quod
764 3377 893 3421 versum
921 3354 985 3420 246
1013 3367 1078 3419 tam
1106 3365 1175 3420 arte
1205 3375 1277 3420 cum

56 3460 102 3524 eis
129 3459 186 3544 qui
214 3459 456 3548 subsequuntur
483 3459 653 3526 cohaerere
682 3458 743 3536 ait,
776 3474 811 3522 ut
838 3457 942 3523 abiis
971 3461 1064 3522 metri
1092 3457 1277 3535 diversitate

55 3561 166 3626 divelli
188 3573 336 3650 nequeat.
381 3561 468 3647 quod
484 3562 642 3649 pertinere
665 3561 707 3626 ad
730 3585 758 3628 v.
774 3560 835 3624 247
857 3581 951 3625 nemo
971 3581 1035 3625 non
1056 3559 1158 3637 videt3
1181 3560 1280 3625 habet

56 3675 163 3731 autem
186 3665 214 3730 is
236 3668 333 3731 etiam
355 3666 389 3729 in
410 3664 540 3731 Pidem
568 3664 655 3748 quod
683 3687 713 3727 V.
737 3663 800 3728 246
822 3674 974 3739 metrum3
1004 3684 1117 3727 versus
1145 3662 1207 3727 248
1230 3684 1278 3745 sq.

56 3767 262 3834 concedimus
285 3790 362 3833 sane
379 3790 453 3832 curn
469 3765 731 3832 antecedentibus
746 3766 887 3854 quodam
905 3764 999 3830 modo
1016 3764 1199 3842 cohaerere,
1221 3763 1278 3828 sed

56 3881 184 3936 strenue
212 3893 369 3956 negamus
392 3892 446 3935 eos
469 3881 534 3936 tam
562 3880 632 3934 arto
655 3868 786 3936 vinculo
809 3867 996 3933 coniunctos
1018 3889 1103 3945 esse,
1132 3878 1167 3932 ut
1190 3865 1278 3932 aliud

55 3996 207 4039 versuum
229 3996 333 4062 genus
363 3995 427 4039 non
449 3973 648 4038 admittatur.
693 3971 810 4037 etenim
825 3982 996 4057 postquam
1018 3969 1058 4034 de
1081 3967 1278 4033 amatoribus

56 4088 150 4142 antea
171 4078 204 4141 in
227 4077 414 4142 universum
444 4097 548 4141 sermo
575 4076 672 4140 fuerit
692 4072 903 4161 inprimisque
923 4071 965 4136 de
988 4073 1079 4139 bonis
1101 4071 1278 4149 datoribus,

56 4203 192 4264 qnorum
215 4179 308 4268 quasi
331 4181 499 4265 exemplar
520 4177 661 4244 Strabax
686 4175 888 4262 proponitur,
917 4175 980 4241 iam
1005 4175 1047 4240 ad
1068 4197 1187 4240 novam
1209 4195 1277 4238 rem

141 4407 162 4472 ¹)
186 4403 250 4458 Hoc
267 4402 426 4458 recensioni
450 4401 652 4456 Ambrosianae
676 4399 825 4454 restituere
850 4398 944 4452 nullus
961 4397 1061 4452 dubito
1086 4414 1139 4467 pro
1166 4406 1276 4461 amator,

55 4490 129 4560 quod
146 4492 211 4560 post
228 4488 410 4543 Ambrosieni
428 4488 593 4542 correctoris
618 4490 739 4542 aetatem
757 4502 771 4538 e
789 4501 871 4538 versu
889 4484 939 4539 236
955 4483 1066 4538 illatum
1084 4485 1134 4537 est.
