3120 5138
758 312 800 376 59

680 404 881 414 ——-

166 519 263 596 inest,
286 539 415 596 vereor,
448 541 488 583 ne
510 519 552 583 ad
576 519 746 584 veritatem
773 541 831 583 nos
860 517 1015 604 expedire
1045 539 1107 582 non
1130 517 1306 602 possimus,
1340 517 1392 582 his

166 623 269 686 fretus
292 620 485 687 rationibus:
508 643 581 685 cum
597 621 825 707 Megaronides
847 621 991 687 odiosam
1014 642 1081 685 rem
1098 621 1139 684 ad
1155 618 1323 686 Calliclem
1340 621 1391 687 de·

167 723 294 788 laturus
317 722 454 787 haesitet
475 732 507 787 et
529 744 587 808 per
602 721 755 811 ambages
778 724 945 812 paullatim
962 724 1004 788 ad
1022 746 1090 788 rem
1108 722 1308 808 propositam
1322 745 1391 809 per-

166 828 279 891 venire
301 826 445 901 studeat,
468 824 634 903 Callicles,
662 836 699 891 ut
721 828 763 891 ad
792 827 929 917 quodvis
956 825 1165 915 opprobrium
1192 825 1390 892 audiendum

166 949 203 993 se
224 937 375 1014 paratum
398 950 468 992 esse
484 927 680 993 demonstret
704 940 736 993 et
750 930 996 1017 Megaronidem
1019 928 1060 994 ad
1085 951 1153 993 rem
1176 928 1386 1013 aperiendam

168 1042 380 1108 commoveat,
397 1031 424 1096 si
441 1031 606 1095 Palatinos
624 1032 821 1118 respicimus,
840 1034 919 1098 haee
936 1035 997 1097 ait:
1021 1033 1096 1110 iam,
1112 1031 1262 1117 quamvis
1284 1054 1385 1118 grave

165 1134 224 1212 sit,
253 1133 340 1218 quod
366 1155 416 1197 me
445 1144 656 1199 accusaturus
678 1157 728 1213 es,
756 1135 851 1220 cupio
874 1136 965 1201 scire.
1017 1157 1100 1220 quae
1130 1133 1290 1199 sententia
1312 1155 1386 1198 cum

164 1258 226 1322 per
241 1259 275 1300 se
292 1235 333 1300 ad
349 1237 447 1301 totius
470 1237 533 1302 loci
549 1237 690 1302 indolem
707 1237 801 1324 longe
824 1238 938 1303 melius
961 1238 1107 1322 quadret,
1132 1259 1230 1324 quam
1253 1235 1388 1300 Ambro

164 1338 250 1403 siani
271 1339 496 1424 interrogatio,
529 1341 607 1423 quin
632 1362 707 1405 vers
727 1340 879 1406 Plautina
903 1342 944 1404 sit
978 1362 1072 1405 nemo
1098 1337 1268 1416 dubitabit,
1302 1339 1329 1402 si
1355 1338 1389 1404 in

165 1441 263 1506 simili
297 1463 404 1506 rerum
439 1442 628 1507 condicione
662 1444 775 1508 eadem
808 1444 987 1509 elocutione
1027 1441 1204 1508 identidem
1236 1440 1389 1507 Plautum

163 1566 260 1609 usum
284 1565 354 1608 esse
376 1544 561 1609 viderimus.
605 1545 637 1608 in
653 1545 842 1611 Mercatoris
866 1557 957 1612 actus
980 1547 1076 1632 primi
1099 1566 1216 1610 scaena
1239 1544 1382 1609 secunda

164 1669 241 1712 cum
263 1642 427 1713 Acanthio
450 1670 533 1731 quae
556 1649 723 1714 calamitas
740 1650 882 1716 Charino
904 1649 1058 1714 acciderit
1079 1657 1248 1712 cunctetur
1269 1647 1388 1725 dicere,

164 1749 328 1816 Charinus
356 1751 496 1838 primurn
528 1775 581 1815 vv.
607 1753 762 1821 133.134
790 1776 831 1817 ex
860 1775 897 1817 eo
927 1752 1004 1838 quid
1033 1752 1156 1817 factum
1184 1750 1225 1815 sit
1248 1750 1384 1838 quaerit,

163 1864 235 1917 tum
264 1854 380 1917 iterum
411 1852 609 1920 Acanthioni
638 1856 737 1920 instat
765 1855 872 1921 verbis
904 1856 1021 1941 loquere
1049 1856 1083 1918 id
1110 1856 1211 1940 nepoti
1236 1854 1388 1940 quidquid

165 1957 243 2041 est1)
266 1955 378 2020 eodem
401 1956 506 2035 modo,
530 1979 594 2041 quo
620 1959 701 2022 Tria
724 1960 766 2024 88
788 1981 829 2023 ex
852 1958 1077 2023 Palatinorum
1097 1956 1289 2022 testimonio.
1329 1976 1389 2020 nec

164 2058 259 2123 aliter
294 2058 387 2123 habet
420 2058 485 2126 Cos.
509 2059 618 2138 1115,
647 2061 820 2139 lteris,
850 2061 903 2125 ubi
932 2060 1128 2145 Lysidamus
1156 2059 1292 2146 (Stolioo
1314 2068 1388 2124 ante

169 2160 385 2227 Studemundi
409 2164 627 2227 emendationes
648 2164 810 2228 Plautinas
833 2164 965 2230 emissas
988 2163 1070 2227 falso
1092 2161 1291 2249 appellatus)
1314 2171 1388 2249 post

167 2265 300 2328 iteratas
330 2264 596 2350 interrogationes
625 2265 674 2330 his
701 2265 808 2330 verbis
836 2289 964 2331 servum
988 2265 1176 2350 alloquitur:
1205 2262 1302 2347 ,Nam
1326 2265 1389 2329 nisi

166 2378 263 2432 exte
285 2367 366 2446 scio,
400 2367 558 2455 quidquid
580 2370 642 2433 hoo
665 2382 712 2434 est
735 2370 813 2447 cito,
843 2369 908 2434 iam
936 2367 994 2433 tibi
1024 2369 1108 2434 istuc
1136 2365 1304 2432 cerebrum
1327 2366 1388 2430 dis·

164 2470 357 2555 peroutiam‘
385 2480 417 2536 et
438 2470 497 2536 III
518 2471 548 2548 5,
571 2473 610 2535 21
646 2471 714 2548 ,sed
741 2471 802 2536 hoc
826 2470 984 2556 quidquid
1012 2480 1074 2548 est,
1097 2471 1249 2554 loquere‘.
1296 2471 1383 2534 Aria.

165 2573 244 2637 295:
267 2571 331 2652 ,ibo
359 2572 530 2638 adversum
553 2584 649 2658 atque
676 2573 819 2639 electabo
842 2573 1000 2662 quidquid
1024 2584 1096 2651 est‘3
1124 2574 1164 2640 cf.
1186 2571 1321 2638 Brixius
1344 2572 1385 2636 ad

164 2676 235 2742 Mil.
257 2676 333 2760 plor.
362 2698 391 2743 v.
420 2674 492 2742 311.
544 2676 683 2764 denique
717 2676 871 2762 quoniam
902 2677 936 2740 in
970 2677 1180 2742 collocatione
1214 2674 1385 2742 verborum

120 2776 124 2784 '
165 2777 309 2842 Palatini
332 2776 423 2842 nobis
446 2777 572 2864 probati
596 2789 685 2856 sunt,
714 2801 752 2843 eo
773 2779 900 2844 facilius
923 2777 962 2842 iis
983 2779 1016 2842 in
1037 2778 1101 2843 fine
1123 2800 1251 2866 quoque
1274 2800 1386 2842 versus

167 2879 265 2945 fidem
300 2879 501 2945 habebimus.
510 2882 535 2966 ²)
580 2877 789 2946 Ambrosiani
820 2891 929 2946 autem
963 2880 1135 2946 correctori
1164 2879 1292 2945 videtur
1323 2878 1384 2944 dis-

165 2982 336 3069 plicuisse,
371 2982 459 3066 quod
488 3005 507 3045 a
534 2982 632 3048 verbo
660 2984 781 3048 sciendi
803 2983 925 3069 duplex
951 2982 1112 3049 obiectum
1140 2984 1233 3061 ‚istuc
1255 2982 1384 3068 negoti‘,

165 3085 336 3170 ,quidquid
371 3095 429 3152 est‘
463 3085 597 3172 pendet3
626 3085 777 3173 quocirca
813 3085 999 3152 recordatus
1035 3085 1178 3150 locorum
1205 3085 1292 3149 velut
1318 3083 1385 3150 Ges.

164 3187 224 3253 ΙΙΙ
246 3188 276 3266 5,
301 3189 341 3253 lb
357 3186 482 3270 ,Timeo
499 3188 560 3252 hoc
576 3188 684 3275 negoti
701 3189 779 3273 quid
794 3189 873 3254 siet‘.
910 3191 1002 3254 Mero.
1021 3189 1083 3255 789
1106 3188 1250 3266 ‚Nesceis
1273 3186 1384 3273 negoti

166 3289 247 3374 quid
281 3291 343 3368 sit‘,
378 3290 531 3355 similium
566 3291 739 3356 multorum
773 3292 827 3378 (cf.
863 3291 989 3356 Becker
1018 3293 1037 3359 l.
1067 3316 1093 3359 c.
1124 3315 1156 3378 p.
1181 3291 1256 3378 179)
1289 3291 1385 3356 inter·

166 3395 369 3476 rogationem
404 3394 567 3478 obliquam
592 3393 756 3471 formavit,
791 3415 855 3478 quo
876 3395 925 3472 fit,
960 3405 996 3458 ut
1018 3399 1093 3459 istuc
1118 3397 1217 3481 nepoti
1236 3394 1390 3482 iungatur

166 3497 346 3562 sententiae
369 3496 587 3564 secundariae.

257 3599 339 3664 (llio.
362 3600 425 3665 398

211 3702 261 3766 A:
285 3690 371 3768 Suae
393 3703 596 3768 senectuti
618 3702 776 3767 acriorem
797 3702 936 3767 hiemem
960 3713 1063 3790 parat,

287 3805 370 3871 Cum
392 3805 440 3870 illi
448 3807 476 3893 8)
497 3807 704 3892 inportunam
728 3815 951 3891 tempestatem
974 3805 1100 3871 conciet

209 3909 252 3976 P:
276 3907 362 3974 Suae
384 3909 586 3974 senectdti
609 3910 640 3973 is
664 3907 821 3972 acriorem
844 3930 870 3972 e.
893 3929 923 3992 q.
948 3931 973 3972 s.

164 4010 409 4111 Studemundirs
437 4013 518 4075 Mos.
546 4012 642 4076 Rhea.
671 4008 767 4075 XXI
800 4034 831 4096 p.
860 4011 936 4078 602:
971 4010 1022 4093 ‚In
1055 4011 1090 4074 A
1121 4010 1202 4076 fehlt
1234 4011 1268 4074 is
1295 4031 1387 4097 ganz.

167 4118 317 4127 ...--—--

237 4165 259 4232 ¹)
275 4163 460 4231 Ritschelius,
488 4165 535 4234 qui
553 4165 583 4219 in
605 4167 677 4220 Tria.
696 4184 722 4220 v.
740 4166 775 4220 88
793 4163 1012 4218 Ambrosianum
1030 4167 1141 4220 secutus
1159 4168 1227 4230 erat,
1254 4164 1290 4219 ob
1308 4138 1385 4217 illius

164 4248 336 4318 scripturam
355 4250 441 4304 etiam
457 4251 512 4304 hoc
529 4268 612 4305 versu
630 4251 743 4320 scripsit
759 4251 822 4320 qaid
839 4251 896 4304 siet.

236 4351 260 4419 ²)
277 4349 374 4420 Neque
400 4354 494 4406 tamen
519 4351 620 4421 ignoro
647 4353 728 4406 Stich.
755 4352 807 4406 202
836 4353 958 4422 quicquid
985 4369 1037 4421 pro
1067 4353 1130 4423 quid
1156 4355 1185 4406 et
1213 4351 1310 4405 Pseud.
1339 4351 1389 4405 713

162 4434 291 4506 quioquid
309 4445 384 4504 opust
401 4451 453 4504 pro
470 4437 495 4488 si
512 4436 576 4505 quid
594 4444 670 4504 optut
687 4436 716 4488 in
735 4435 758 4489 P
776 4434 848 4490 falso
865 4434 930 4506 lagi.

235 4538 258 4605 ⁸)
274 4537 322 4590 Illi
338 4535 520 4603 Ribbeckius,
538 4537 613 4590 illam
632 4536 711 4591 codd.
