3120 5138
762 288 803 351 55

170 490 383 555 coniunctum
405 491 570 557 invenitur
592 515 698 576 neque
721 492 818 557 aliam
841 516 979 577 usquam
1002 492 1269 578 significationem
1297 491 1398 557 habet

171 592 235 656 uisi
267 595 426 681 ciclsdltip,
458 597 491 657 in
522 595 611 658 uiclcr
643 596 834 681 Beziebunp,
876 599 916 659 cf.
940 596 1053 660 Bacch.
1087 595 1150 659 385
1186 594 1396 677 ,multimodis

168 695 344 761 meditatus
356 706 453 774 snm‘3
468 698 537 761 Mit
546 686 625 782 ¹gira.
639 697 722 761 1190
738 698 945 775 ,multimodis
962 698 1075 785 sapis‘;
1089 699 1174 762 Pera.
1189 697 1251 762 706
1266 720 1395 778 ,nomeu

169 799 370 864 multimodis
385 800 540 884 scriptum
557 805 624 868 est‘.
658 822 770 865 servus
787 803 885 888 igitur
902 801 998 865 fidem
1021 822 1112 864 suam
1134 823 1213 885 erga
1228 800 1394 866 domiuum

168 901 348 966 iactaturus
362 924 424 966 non
443 901 529 966 dicet
544 903 741 977 ,multimodis
747 905 834 990 fidus
848 910 935 981 aum‘,
951 926 1024 969 cum
1037 905 1165 967 multum
1178 906 1258 987 fidus
1270 903 1395 988 aptissi-

169 1026 260 1069 mum
276 1004 332 1082 sit;
355 1006 396 1069 cf.
416 1003 551 1070 Brixius
572 1004 615 1068 ad
634 1003 720 1092 capt.
744 1005 817 1069 272.
848 1005 948 1083 vides,
978 1009 1034 1071 vix
1052 1006 1118 1072 ullo
1141 1006 1236 1071 modo
1258 1009 1394 1071 auctori·

168 1117 269 1172 tatem
286 1106 496 1173 Ambrosiani
519 1129 612 1192 posse
632 1106 800 1171 vindicari.
845 1108 923 1192 quid
948 1130 1024 1173 vero
1038 1108 1202 1173 Palatini?
1224 1107 1394 1195 inquibus

167 1210 248 1293 quia
281 1211 361 1274 unde
393 1209 438 1275 is?
482 1210 612 1274 omnino
645 1210 749 1287 deest,
783 1210 1014 1277 Fleckeisenus
1038 1227 1150 1278 eorum
1172 1211 1391 1277 recensionem

171 1322 355 1377 restaurare
378 1311 438 1376 sibi
463 1312 551 1377 visus
574 1323 623 1378 est
646 1312 706 1378 hac
730 1313 904 1398 scriptura:

324 1413 390 1481 liro
412 1437 523 1480 servos
544 1416 682 1480 multum
705 1438 763 1481 suo
786 1416 842 1499 qui
865 1414 994 1480 fidelist.

168 1517 228 1582 sed
251 1517 398 1602 quisquis
421 1540 573 1592 versuum
595 1517 666 1584 783.
685 1518 748 1583 784
765 1518 880 1582 miram
908 1517 939 1581 in
960 1517 1147 1604 Pspeciem
1172 1517 1392 1583 observaverit

98 1623 100 1626 ⁴
169 1642 235 1683 non
268 1620 444 1702 dubitabit,
479 1622 557 1704 quin
590 1621 622 1684 in
657 1621 835 1705 archetypo
867 1619 1092 1687 Palestinorum
1126 1644 1243 1707 graves
1278 1622 1392 1686 turbae

166 1722 300 1800 fuerint,
323 1722 440 1806 quibus
463 1723 560 1789 etiam
582 1725 662 1787 unde
683 1727 709 1787 ia
730 1723 872 1809 perierit.
917 1745 1001 1807 quae
1025 1723 1124 1788 verba
1146 1723 1172 1787 si
1195 1747 1237 1789 ex
1262 1726 1291 1788 A
1314 1724 1391 1789 reci·

168 1823 286 1909 pimus,
311 1824 391 1890 haec
413 1847 527 1891 versus
549 1827 652 1890 forma
675 1826 707 1890 in
731 1825 887 1891 iudicium
910 1825 1058 1890 vocanda
1080 1836 1129 1890 est

323 1926 390 1993 Ero
412 1949 523 1994 servos
546 1929 681 1994 multum
705 1916 765 1994 siro
786 1927 900 1994 fidelis.
924 1931 933 2016 l
955 1928 1042 1995 unde
1064 1928 1115 1995 is?

167 2051 210 2094 ne
232 2031 304 2115 ipsa
320 2030 451 2115 quidem
463 2029 505 2096 ab
523 2030 609 2096 omui
624 2043 716 2116 parte
733 2029 891 2096 absoluta.
928 2031 1123 2119 Spengelius
1147 2031 1233 2096 enirn
1250 2033 1283 2096 in
1298 2032 1391 2109 libro,

168 2133 223 2199 cui
246 2133 356 2200 titulus
379 2144 428 2199 est
449 2135 702 2222 Rejbrmoorcclsi.
724 2157 750 2202 z.
767 2135 855 2198 Matr.
880 2136 910 2202 d.
934 2135 989 2220 lgr.
1014 2135 1169 2197 Versarten
1192 2135 1239 2198 bei
1254 2136 1393 2212 Plautus,

168 2259 201 2321 p.
220 2235 279 2300 101
302 2258 372 2324 sqq.
392 2236 585 2314 observavit,
607 2237 745 2321 syuizesi
764 2239 797 2301 iu
814 2236 987 2303 bacchiaco
1003 2250 1104 2301 metro
1120 2237 1227 2301 locum
1243 2259 1306 2302 non
1324 2260 1394 2302 esse

169 2338 233 2402 nisi
267 2340 299 2403 iu
334 2339 408 2409 arsi.
454 2362 553 2424 quam
586 2339 794 2405 offensionem
829 2350 863 2404 ut
894 2340 1058 2417 tollamus,
1083 2341 1171 2426 fidus
1203 2361 1262 2425 pro
1293 2342 1393 2424 fidelis

168 2441 374 2508 scribendum
409 2453 471 2520 est,
505 2463 569 2506 non
598 2441 674 2527 quia
704 2443 738 2506 A
766 2442 827 2506 hoc
851 2441 992 2504 servavit
1016 2476 1057 2488 -
1085 2463 1160 2505 nam
1191 2463 1231 2505 ex
1255 2463 1393 2509 versua

168 2555 348 2630 correctore
370 2555 543 2610 retractato
564 2544 736 2628 quominus
756 2543 917 2609 incautius
938 2543 1017 2626 quid
1037 2565 1202 2609 sumamus
1223 2543 1394 2629 diligenter

95 2646 111 2670 ⁹
168 2648 349 2712 cavendum
373 2669 443 2711 esse
464 2646 641 2712 identidem
665 2645 805 2710 diximus
828 2645 950 2711 -sed
979 2645 1055 2729 quia
1078 2645 1179 2710 lenior
1200 2645 1326 2711 medela
1348 2646 1393 2710 in·

168 2749 271 2815 veniri
293 2749 420 2832 nequit3
434 2750 534 2833 fidelis
557 2749 642 2814 enim
658 2771 717 2834 pro
732 2751 819 2836 fldua
840 2747 945 2812 scriba
962 2747 1074 2813 eodem
1097 2769 1203 2812 errore
1226 2749 1393 2833 scripsisse

169 2851 309 2929 videtur,
343 2874 408 2936 quo
442 2853 512 2916 Mil.
533 2853 609 2937 pior.
644 2874 674 2915 v.
707 2850 790 2915 1015
823 2852 856 2916 in
883 2850 1028 2934 Bfides,
1062 2852 1095 2914 in
1125 2850 1187 2917 OD
1206 2853 1311 2939 fidelis
1334 2874 1392 2937 pro

168 2957 257 3031 lidus,
281 2956 367 3039 quod
390 2965 493 3020 metro
516 2953 714 3040 postulatur,
744 2964 912 3019 exaratum
935 2961 994 3017 est.
1039 2975 1151 3016 versus
1181 2952 1282 3038 igitur
1304 2953 1336 3016 in
1363 2952 1392 3017 P

168 3056 234 3123 levi
257 3058 388 3123 macula
403 3057 589 3142 adspersus,
613 3057 645 3120 in
661 3056 696 3122 A
719 3055 865 3122 consulto
884 3063 1075 3119 retractatus
1092 3055 1136 3119 ita
1152 3055 1310 3139 legendus
1328 3064 1391 3119 est:

321 3176 389 3242 Elro
412 3199 523 3242 servos
545 3176 683 3242 multum
709 3198 766 3240 suo
788 3175 881 3240 fidus.
904 3175 912 3259 l
934 3174 1021 3238 unde
1044 3174 1128 3257 is?¹)

254 3298 348 3361 Marc.
370 3295 434 3361 256
456 3306 489 3361 ct
510 3296 574 3361 260

168 3416 233 3481 256
254 3417 299 3480 A:
323 3415 501 3501 Postquam
523 3416 564 3480 id
585 3417 690 3502 quod
721 3415 807 3482 volui
830 3414 990 3500 transegi,
1018 3413 1074 3478 ibi
1097 3436 1157 3500 ego
1180 3415 1349 3498 conspicor

322 3518 449 3586 Navem
472 3541 513 3585 ex
537 3519 667 3598 Rhodo;

255 3637 298 3702 P:
321 3635 501 3723 Postquam
522 3637 561 3702 id
583 3638 646 3703 hic
669 3638 771 3723 quod
795 3639 892 3717 volui,
916 3637 1068 3724 transegi,
1091 3647 1211 3721 atque
1234 3658 1294 3721 ego
1318 3659 1389 3702 con-

986 3741 1093 3828 spiccr

168 3862 233 3927 259
254 3862 303 3926 A:
326 3862 523 3928 Inscendo
544 3861 577 3925 in
599 3859 742 3925 lembum
763 3870 861 3944 atque
884 3859 924 3923 ad
950 3881 1067 3923 navam
1090 3856 1267 3921 devehor

167 3981 233 4047 260
317 3982 429 4066 Atque
452 3980 508 4046 ibi
532 4003 601 4068 ego
624 3978 746 4064 aspicio
768 3981 873 4045 forma
895 3980 1015 4044 eximia
1037 3978 1205 4044 mulierem

256 4343 275 4407 ¹)
295 4339 343 4395 Sic
360 4339 446 4393 etiam
473 4338 640 4409 Spengelius
665 4339 696 4391 in
724 4341 875 4407 conspectu
902 4337 1075 4393 canticorum
1101 4336 1197 4391 Plauti
1224 4338 1253 4388 et
1276 4333 1391 4388 Terenti

163 4425 400 4496 (Refomvorscbl.
427 4441 454 4493 p.
481 4425 544 4490 383)
572 4441 684 4478 versum
708 4423 858 4492 expressit,
885 4421 994 4491 inipso
1018 4422 1092 4476 libro
1117 4421 1152 4475 de
1176 4419 1300 4477 bacchiis
1324 4419 1390 4476 satis

167 4511 280 4580 copiosa
298 4509 437 4566 disserens
455 4525 518 4564 eum
535 4527 591 4564 uon
610 4508 846 4565 commemoravit.
