3120 5138
745 361 808 429 182

167 580 233 647 est,
264 567 335 632 inre
362 567 431 631 solo
452 567 519 632 fere
540 567 576 631 in
597 567 832 644 Ambrosiano,
860 568 982 654 quippe
1007 568 1066 651 qui
1091 578 1200 633 aetate
1218 569 1390 635 Palatinos

166 672 262 758 longe
282 682 460 756 superaret,
482 670 544 734 nisi
566 688 651 747 sunt,
673 671 731 755 qni
753 684 935 748 contextus,
964 693 1063 755 quem
1084 684 1214 749 vocant,
1243 671 1390 738 Plautini

167 772 382 838 constituendi
396 795 530 857 operam
544 788 766 859 susceperunt.
799 796 886 838 nunc
898 787 1072 861 postquam
1086 773 1258 838 Palatinos
1269 776 1388 860 potins,

166 877 228 941 etsi
260 888 365 941 aetate
397 875 493 963 longe
525 876 693 940 inferiores
725 875 961 953 Ambrosiano,
994 899 1030 941 re
1062 899 1142 941 vera
1169 878 1320 962 proxime
1348 878 1390 943 ab

166 977 345 1064 archetypo
365 979 511 1064 principe
532 979 646 1044 abesse
666 979 865 1043 intellectum
888 989 947 1056 est,
975 979 1166 1044 immutetur
1186 1003 1321 1046 necesse
1342 992 1389 1045 est

167 1081 251 1145 ratio
271 1081 402 1160 critica,
430 1104 528 1165 quam
555 1081 717 1169 huiusque
739 1081 877 1146 editores
900 1083 1003 1148 secuti
1029 1095 1120 1147 sunt:
1153 1105 1225 1167 pro
1246 1084 1390 1148 funda·

167 1197 298 1248 mento
330 1184 429 1248 artis
461 1184 632 1249 criticae
663 1187 704 1249 in
736 1185 886 1250 Plauto
923 1186 1177 1273 exercendae
1209 1185 1388 1251 Palatini

167 1285 343 1351 habendi
364 1297 464 1351 sunt
508 1287 720 1352 Ambrosiani
741 1310 818 1352 rcro
840 1288 1015 1353 auctoritas
1043 1310 1107 1352 non
1128 1287 1336 1353 mediocriter
1355 1289 1387 1352 in

167 1389 352 1454 uuiversum
374 1389 595 1453 imminuenda
617 1391 750 1475 eiusque
773 1390 941 1468 lectiones,
968 1393 1030 1455 etsi
1058 1402 1193 1477 propter
1217 1403 1388 1456 rectraeta

167 1491 301 1570 tionem,
328 1514 426 1576 quam
448 1491 478 1555 P
498 1515 627 1576 quoque
655 1494 801 1580 perpessi
822 1506 915 1570 sunt,
945 1494 1067 1582 ubique
1094 1495 1336 1581 competentiae
1356 1506 1387 1560 et

166 1593 395 1681 ponderandae
416 1607 502 1676 sunt,
524 1618 566 1660 ne
588 1595 726 1661 calidius
743 1597 826 1662 inter
841 1596 1013 1662 Plautinas
1035 1597 1246 1682 recipiantur,
1268 1621 1388 1682 magna

166 1697 273 1762 cautio
301 1696 488 1762 adhibenda
516 1710 580 1778 cst;
615 1700 764 1765 omnibns
792 1710 900 1764 autem
921 1700 1017 1781 locis,
1047 1699 1167 1784 quibus
1195 1699 1387 1786 dignitatem

166 1822 298 1888 prorsus
312 1823 452 1884 aequam
462 1814 494 1865 et
508 1824 620 1887 parem
636 1804 857 1868 recensionum
874 1803 1052 1890 scripturas
1069 1801 1218 1867 obtinere
1232 1804 1387 1882 vidimus,

166 1903 248 1968 ratio
275 1902 364 1968 iubet
391 1925 457 1968 non
486 1904 621 1982 codicis,
653 1905 710 1989 qui
737 1907 820 1970 forte
847 1905 1004 1970 vetustior
1032 1918 1172 1971 aetatem
1200 1907 1292 1985 tulit,
1331 1908 1386 1974 sed

166 2006 263 2071 fontis
285 2005 328 2070 ab
349 2005 526 2094 archetypo
547 2006 694 2093 principe
715 2007 862 2094 proxime
885 2007 1044 2085 distantis,
1066 2031 1146 2095 ergo
1163 2009 1389 2075 Palatinarum

166 2109 359 2195 scripturam
386 2108 505 2173 Plauto
533 2111 666 2174 restitui
710 2110 743 2173 in
770 2133 835 2194 quo
861 2133 926 2174 non
947 2114 1136 2197 negaverim
1159 2112 1244 2188 fore,
1275 2123 1314 2177 ut
1335 2112 1388 2176 ali-

166 2210 315 2295 quotiens
337 2233 378 2276 ex
392 2212 551 2277 Palatinis
569 2213 768 2278 adulterinae
782 2215 961 2299 scripturae
978 2214 1185 2299 recipiantur,
1208 2215 1267 2279 sed
1284 2215 1389 2280 eidem

167 2314 267 2378 errori
289 2314 424 2380 subiecti
440 2327 524 2394 sunt,
546 2317 602 2401 qui
618 2315 827 2380 Ambrosiani
848 2339 995 2381 normam
1010 2329 1199 2401 sequuntur,
1221 2328 1255 2382 et
1270 2319 1388 2383 rationi

168 2416 299 2482 criticae
319 2416 402 2482 illud
425 2418 530 2504 magis
552 2441 650 2505 quam
672 2420 735 2486 boc
755 2420 915 2488 convenit.

254 2507 418 2605 Alterum,
449 2523 534 2608 quod
558 2522 592 2587 in
620 2523 680 2588 bac
703 2523 973 2589 commentatione
1001 2525 1289 2590 demonstrandum
1312 2526 1391 2590 mihi

167 2624 332 2711 proposui,
355 2624 417 2690 hoc
432 2637 490 2704 est,
512 2625 725 2703 diversitates,
748 2649 831 2714 quae
853 2626 938 2692 inter
952 2627 1153 2691 recensiones
1175 2637 1302 2705 extant,
1326 2651 1389 2693 non

169 2726 279 2792 deberi
302 2727 362 2792 soli
377 2728 507 2816 ingenio
522 2741 691 2794 auctorum
707 2731 939 2809 accensionum,
957 2729 1075 2794 nedum
1090 2730 1389 2814 grammaticorum,

168 2830 226 2896 sed
248 2828 289 2896 ab
317 2833 486 2917 utriusque
513 2833 708 2898 recensionis
736 2835 921 2899 auctoribus
948 2831 1076 2899 fabulas
1097 2831 1269 2897 Plautinas
1293 2832 1390 2898 etiam

168 2934 347 3001 secundum
370 2935 571 3021 exemplaria
594 2936 741 3014 histriae,
771 2959 854 3020 quae
882 2937 922 3000 iis
944 2946 1072 3024 praesto
1094 2943 1198 3015 erant,
1228 2946 1391 3000 correctas

168 3063 248 3107 esse.
284 3043 372 3128 quod
394 3056 430 3108 ut
453 3051 634 3130 appareret,
656 3039 819 3124 profectus
834 3062 904 3104 sum
928 3061 948 3102 a
965 3037 1062 3103 Stichi
1082 3036 1230 3102 versibus
1250 3038 1389 3121 48-57,

169 3169 250 3232 quos
272 3147 337 3211 iam
352 3145 552 3211 Ritsehelius
574 3142 701 3206 relictos
725 3164 794 3206 esse
816 3141 906 3206 etali
929 3141 1113 3206 recensione
1136 3140 1233 3205 huius
1248 3140 1390 3219 fabulae,

169 3273 235 3336 qua
256 3272 359 3316 novae
382 3249 500 3314 actioni
530 3246 697 3313 scaenicae
725 3243 892 3333 aliquanto
920 3257 992 3331 post
1013 3242 1122 3308 Plauti
1150 3250 1290 3308 aetatem
1320 3265 1392 3309 con·

170 3353 338 3432 coleretur,
361 3352 510 3418 coniecit.
531 3351 586 3436 qui
609 3372 682 3415 cum
704 3349 736 3413 in
759 3350 793 3413 A
815 3370 877 3412 non
901 3347 1051 3434 legantur
1071 3368 1176 3431 neque
1199 3345 1298 3411 deleti
1321 3369 1391 3413 esse

170 3456 260 3521 credi
286 3457 425 3542 possint,
459 3455 622 3521 undenam
648 3453 682 3517 in
709 3451 837 3517 codices
865 3461 1098 3537 pervenerunt,
1132 3449 1160 3514 si
1188 3471 1229 3514 ex
1258 3448 1392 3515 histrico

170 3558 348 3644 exemplari
370 3558 489 3624 actioni
511 3557 558 3622 illi
581 3566 766 3642 comparato
788 3553 829 3619 ab
852 3564 983 3619 auctore
1005 3551 1201 3618 recensionis
1217 3551 1388 3618 Palatinae

170 3663 205 3727 in
227 3661 395 3748 exemplar
417 3660 503 3749 quod
519 3657 709 3725 conficiebat
731 3679 785 3722 eos
800 3657 973 3721 translatos
989 3679 1060 3722 esse
1083 3679 1147 3721 non
1159 3654 1391 3723 concedimus?

171 3765 214 3831 ad
236 3763 379 3830 eiusdem
400 3763 529 3849 generis
551 3763 673 3826 fontem
695 3783 770 3826 eum
792 3762 826 3825 in
844 3761 882 3838 P,
904 3772 973 3825 tum
995 3761 1028 3824 in
1051 3761 1084 3824 A
1106 3758 1215 3844 plures
1238 3779 1391 3825 versuum

170 3868 269 3934 series
285 3866 390 3932 redire
406 3865 642 3931 demonstrasse
653 3864 730 3930 mibi
742 3865 864 3930 videor.
888 3862 1005 3928 deinde
1019 3862 1221 3949 singulorum
1236 3884 1391 3928 versuum

171 3971 317 4058 duplices
341 3971 479 4047 formas,
510 3991 590 4055 quas
614 3967 646 4031 in
669 3989 734 4032 una
757 3967 934 4051 eademque
963 3965 1148 4031 recensione
1171 3964 1225 4029 bic
1247 3963 1316 4030 illic
1339 3985 1392 4029 ex-

171 4083 277 4138 tantes
300 4070 603 4159 ,interpolatoribus‘
632 4071 818 4156 posterioris
846 4071 961 4134 aetatis
990 4067 1171 4134 tribuerunt
1201 4067 1263 4132 viri
1293 4066 1391 4144 docti,

171 4176 213 4241 ad
236 4175 405 4242 histriones
429 4197 490 4261 ego
512 4173 629 4240 rectius
651 4186 687 4238 ut
709 4176 822 4262 opinor
845 4173 950 4239 retuli.
984 4172 1070 4238 unde
1092 4171 1174 4236 ratio
1195 4168 1331 4235 iubebat
1353 4190 1391 4234 eo

172 4302 229 4346 nos
240 4277 402 4368 progredi,
413 4288 450 4343 ut
462 4280 558 4343 etiam
571 4275 626 4342 ubi
639 4276 740 4341 altera
756 4276 899 4342 recensio
920 4296 1029 4339 versus
1046 4276 1183 4340 formam
1199 4270 1241 4337 ab
1258 4272 1393 4337 alterius

172 4380 328 4449 memoria
355 4403 486 4467 prorsus
513 4380 676 4446 diversam
706 4379 897 4464 praebebat,
925 4379 1009 4443 inter
1031 4399 1111 4464 quas
1139 4384 1214 4442 utra
1235 4374 1394 4442 Plautina

173 4495 257 4551 esset
279 4483 448 4549 diiudicari
470 4505 533 4547 non
556 4492 673 4570 posset,
698 4482 917 4548 diversitatem
934 4502 974 4544 ex
996 4479 1136 4544 histricia
1152 4477 1394 4564 exemplaribus

172 4587 329 4676 originem
352 4586 484 4653 duxisse
506 4584 699 4654 crederetur.
744 4584 881 4670 denique
908 4583 1023 4671 ingens
1050 4581 1223 4650 multitudo
1245 4581 1395 4650 differen-
