3120 5138
653 316 694 381 73

61 542 103 586 ne
120 520 287 599 iudicium,
312 520 400 608 quod
422 519 462 584 de
479 518 690 586 Ambrosiani
711 520 909 607 praestantia
930 522 997 587 lere
1011 521 1133 608 ubique
1156 523 1289 591 circum·

60 624 175 702 fertur,
206 645 268 688 non
293 623 494 688 mediocriter
516 621 718 689 immutaturi
739 623 964 711 neglegentiae
987 636 1019 690 et
1041 625 1180 691 levitatis
1202 627 1290 695 iucu-

60 747 218 804 saremur‚
257 725 289 790 in
313 726 415 790 altero
432 724 539 811 capite
566 725 678 791 licebit
700 748 767 792 rem
797 725 927 793 brevius
953 738 1106 806 tractare,
1134 728 1211 813 quia
1233 730 1289 815 qui

61 828 105 893 ad
136 827 360 894 Palatinarum
394 828 613 894 recensionem
642 828 803 915 pertinent
826 829 901 908 loci,
929 830 1025 918 longe
1053 830 1184 917 plurimi
1214 854 1289 900 cum

60 932 105 998 ab
132 931 205 996 aliis
234 942 303 996 tum
331 954 352 995 a
375 930 571 1018 Niemeyero
598 931 663 996 iam
690 931 813 997 inventi
840 943 872 997 et
900 932 1031 998 tractati
1057 943 1148 1020 suut;
1177 958 1289 1020 quam·

59 1057 162 1123 quam
190 1033 243 1098 vel
266 1033 329 1098 hac
363 1034 454 1097 inre
481 1031 570 1098 baud
598 1033 643 1098 ita
673 1056 746 1099 raro
774 1034 866 1099 nobis
894 1034 1046 1121 contigit,
1074 1045 1109 1101 ut
1142 1036 1289 1124 inprimis

59 1137 144 1202 locis
163 1146 239 1223 apte
257 1134 450 1221 comparatis
465 1135 655 1200 recensendi
677 1135 834 1200 rationem
850 1159 934 1202 nova
957 1137 1028 1204 luce
1043 1137 1288 1208 illustraremus.

509 1425 640 1512 Caput
667 1425 845 1495 alterum.

641 1546 716 1629 §1-

150 1667 203 1733 ux
231 1666 271 1732 iis
301 1666 395 1744 locis,
430 1662 547 1750 quibus
573 1661 789 1753 Niemeyerus
822 1667 867 1753 (p.
895 1666 1049 1754 24-26)
1079 1678 1290 1734 correctorem

60 1770 236 1858 prosodiae
272 1769 443 1835 Plautinae
471 1767 655 1854 ignorantia
682 1768 725 1833 ad
752 1769 962 1834 mutationem
997 1769 1190 1857 perductum
1219 1792 1290 1836 esse

62 1874 172 1952 docet,
189 1872 339 1939 nonnulli
362 1880 456 1937 erunt
472 1869 667 1956 excipiendi,
692 1871 756 1954 alii,
780 1894 861 1956 quos
879 1871 933 1937 ille
949 1871 1063 1937 afferre
1086 1883 1289 1958 nonpoterat‚

60 1975 218 2042 addendi.

150 2097 262 2161 Pseud.
285 2093 348 2159 382

106 2199 155 2264 A:
179 2180 351 2264 Exossabo
365 2219 435 2282 ego
447 2179 568 2261 illum
584 2197 777 2264 similiter
791 2199 902 2265 itidem
919 2213 956 2267 ut
969 2199 1157 2265 muraentm
1171 2221 1290 2285 coquos

60 2302 194 2370 Nonius
216 2324 248 2387 p.
274 2300 349 2365 170:
384 2321 445 2386 ego
467 2298 558 2364 illum
582 2299 769 2368 simulter

106 2404 150 2470 P:
175 2386 346 2469 Exossabo
362 2401 557 2467 similiter
572 2425 643 2489 ego
658 2402 770 2468 illum
786 2404 897 2469 itidem
913 2416 949 2471 ut
962 2405 1149 2472 muraenam
1162 2427 1291 2490 coquos·

150 2525 244 2588 Pocn.
267 2522 331 2587 893
363 2522 411 2586 A:
435 2521 555 2590 Facile.
577 2523 585 2609 ll
605 2524 658 2587 fac
680 2545 758 2610 ergo
785 2524 820 2588 id
842 2525 958 2602 ‚facile‘
987 2547 1119 2592 noscam
1148 2547 1224 2613 ego,
1254 2527 1291 2592 ut

681 2625 738 2690 ille
761 2627 862 2711 possit
884 2627 1017 2692 noscere

371 2726 414 2792 P:
435 2727 555 2797 Facile.
567 2729 576 2816 l
586 2730 639 2793 fac
651 2750 728 2815 ergo
740 2728 774 2793 id
786 2729 902 2806 ‚ltcile‘
915 2751 1057 2808 noscam,
1069 2741 1106 2797 ut
1116 2716 1172 2795 ille
1187 2731 1288 2816 possit

677 2833 819 2896 noscere.

151 2953 245 3016 Poen.
270 2950 332 3017 988
360 2950 411 3015 A:
436 2948 501 3014 Pro
524 2950 576 3015 dei
599 2950 806 3028 immortales,
829 2950 979 3036 plurimei
1005 2952 1099 3041 [iam]
1128 2953 1170 3017 ad
1191 2951 1292 3020 sslum

371 3154 414 3221 P:
442 3152 507 3219 Pro
530 3153 582 3218 dei
604 3052 825 3235 lmmbllllllllsn,1
826 3054 975 3242 ]plurimi
1005 3157 1100 3245 [iam]
1132 3157 1174 3222 ad
1205 3157 1292 3223 hunc

682 3258 824 3326 modum.

63 3363 176 3448 itaque
205 3359 310 3425 tribus
333 3359 411 3424 locis
434 3359 527 3425 vides
553 3381 574 3424 a
600 3370 781 3425 correctore
802 3360 1026 3427 Palatinorum
1057 3361 1291 3448 correptionem

65 3464 184 3551 prioris
207 3461 352 3548 syllabae
376 3462 464 3527 vocis
486 3464 537 3528 illc
560 3462 745 3528 coniectura
767 3463 929 3529 sublatam
951 3486 1030 3529 esse.

111 3582 338 3754 Alegelllglllic
359 3707 410 3750 me
433 3683 532 3749 unum
556 3683 742 3750 consolatur
764 3696 861 3772 atque
884 3685 1028 3750 animum
1051 3707 1158 3751 meum

109 3790 151 3856 P:
175 3790 241 3858 Sed
263 3789 324 3855 boo
345 3788 447 3892 ninum
469 3786 651 3852 consolttur
672 3809 723 3852 me
746 3796 847 3872 atque
869 3787 1013 3854 animum
1035 3810 1151 3854 meum.

65 3895 107 3961 cf.
130 3895 215 3958 Pers.
238 3892 280 3958 32
303 3892 379 3971 ,sed
401 3892 464 3958 hoo
485 3911 537 3954 me
559 3889 660 3957 unum
683 3890 869 3958 excruciat‘

157 4013 244 4076 Truc.
268 4011 331 4076 273
364 4010 413 4075 A:
438 4009 525 4094 Quid
547 3992 720 4098 hbc'quod
741 4021 773 4074 te
795 4031 875 4096 rogo

297 4199 302 4209 ι
366 4113 410 4178 P:
435 4112 522 4198 Quid
545 4113 634 4198 quod
657 4122 689 4178 te
711 4134 798 4198 rogo.

65 4215 180 4284 eadem
195 4216 320 4282 ratione
336 4215 519 4282 memineris
535 4215 633 4282 velim
649 4216 681 4280 in
699 4215 733 4280 A
747 4216 801 4280 boc
821 4224 979 4280 remotum
995 4235 1065 4278 esse
1082 4213 1194 4277 Pseud.
1213 4210 1292 4296 3153

66 4321 109 4386 ⁰f·
133 4318 426 4507 pgualgexempla
448 4419 662 4507 Niemeyerus
691 4431 858 4506 praeterea
886 4419 1010 4497 attulit,
1038 4418 1134 4483 iniis
1169 4431 1225 4483 aut
1247 4418 1292 4484 in·

67 4534 194 4592 certum
217 4534 275 4602 est,
299 4546 376 4588 num
398 4523 617 4589 Ambrosiano
639 4521 884 4609 obsequendum
905 4520 961 4602 sit,
990 4530 1047 4643 aut
1075 4519 1139 4586 alia
1162 4541 1291 4606 corrup·
