3120 5138
166 519 255 583 cerni
279 518 320 583 ab
341 519 442 605 ipsius
464 528 578 603 poetae
596 519 772 605 scriptura3
793 518 825 580 in
849 517 939 582 ouius
956 517 1084 602 generis
1106 516 1185 581 locis
1207 517 1262 600 qui
1285 538 1389 603 gram-

165 623 359 686 maticorum
392 644 523 685 manum
553 634 649 705 atque
674 643 805 707 operam
828 641 1023 706 cognoscere
1046 618 1107 683 sibi
1132 619 1259 684 videtur
1282 630 1393 685 contra

165 723 428 813 probabilitatem
451 736 547 807 atque
570 725 652 789 adeo
676 738 785 788 contra
808 724 964 786 rationem
989 731 1122 808 pugnat.

213 827 297 891 Pera.
321 826 383 890 597

258 930 303 993 A:
325 929 377 993 Ne
394 940 513 993 temere
537 929 620 993 hanc
644 940 675 992 te
698 929 811 992 emisse
836 929 924 992 dicas
949 950 999 992 me
1022 926 1196 1014 impulsore
1219 936 1275 991 aut
1297 925 1393 991 inlice

254 1032 298 1095 P:
320 1031 372 1096 Ne
390 1043 508 1096 temere
524 1031 608 1095 banc
624 1044 654 1095 te
671 1032 785 1095 emisse
802 1029 890 1094 dieas
907 1052 1004 1094 suasu
1027 1038 1125 1112 atque
1148 1027 1290 1112 impulsu
1311 1049 1392 1092 meo.

166 1135 279 1218 ecquis
303 1135 344 1198 sit
367 1135 423 1218 qui
451 1145 524 1198 utra
551 1135 709 1221 scriptura
732 1156 751 1197 a
772 1133 890 1197 Plauto
912 1134 1056 1218 prolecta
1080 1132 1121 1195 sit
1143 1152 1176 1195 se
1200 1152 1393 1217 cognoscere

164 1260 260 1322 posse
294 1236 480 1304 confirmet?
518 1238 558 1300 cf.
582 1237 795 1321 Niemeyerus
829 1258 860 1321 p.
887 1235 921 1311 l,
961 1236 1016 1318 qui
1052 1236 1086 1298 in
1118 1233 1390 1320 comparationem

169 1340 300 1404 vocavit
316 1341 405 1404 Most.
422 1340 485 1403 916
508 1339 571 1415 ‚Me
589 1362 719 1404 suasore
735 1350 832 1425 atque
848 1338 1021 1425 impulsore
1041 1337 1075 1401 id
1097 1338 1219 1401 factum
1240 1336 1394 1400 audacter

167 1441 293 1518 dicito‘3
328 1443 415 1504 Asin.
439 1441 511 1505 221.
541 1442 654 1505 Bacch.
678 1441 729 1504 bb.
759 1443 850 1506 Poeu.
875 1440 947 1518 745,
971 1440 1088 1527 quibus
1111 1441 1192 1504 iolas
1215 1448 1247 1504 et
1268 1440 1392 1503 iubetur

165 1544 340 1608 invenitur.
369 1543 487 1627 quibus
517 1566 578 1607 non
608 1544 767 1608 omiserim
791 1545 910 1609 addere
934 1545 1005 1606 Aul.
1030 1543 1091 1606 737
1115 1553 1147 1606 et
1170 1544 1245 1619 795,
1275 1541 1330 1606 ubi
1353 1541 1392 1605 de

166 1646 280 1710 eadem
303 1669 338 1710 ra
354 1646 487 1710 dicitur:
512 1647 613 1723 ‚Deus
631 1647 787 1733 impulsor
810 1646 888 1710 mihi
911 1646 982 1709 luit‘
1005 1656 1036 1709 et
1060 1645 1142 1732 ,lllgo
1165 1666 1216 1708 me
1239 1645 1389 1709 iniuriam

165 1749 281 1814 fecisse
301 1750 387 1813 filiae
409 1751 512 1814 fatcor
535 1798 542 1813 .
567 1798 574 1813 .
598 1749 729 1835 inpulsu
752 1748 1013 1814 adulescentiae‘.

210 1855 303 1916 Poen.
330 1855 459 1919 1330-
469 1853 551 1916 1332

210 1955 259 2018 A:
283 1952 397 2019 Oredo.
420 1954 428 2039 ll
451 1966 481 2018 et
505 1975 565 2039 ego
588 1953 694 2018 credo.
718 1953 774 2018 sed
799 1974 910 2018 eccum
933 1953 1080 2018 lenonem
1104 1962 1265 2038 optume

280 2056 395 2124 Oredo.
419 2058 427 2143 ll
451 2066 484 2121 at
507 2078 568 2142 ego
590 2056 696 2121 oredo.
720 2057 728 2141 ll
750 2056 864 2143 edepol
887 2057 939 2120 hic
964 2056 1051 2120 venit
1074 2055 1262 2120 commodus

282 2160 406 2223 Bonum
431 2160 537 2223 virum
560 2180 670 2224 eccum
696 2159 790 2224 video
813 2160 1044 2224 redeuntem
1069 2159 1234 2225 domum.

210 2262 254 2326 P:
280 2262 395 2327 Credo.
422 2262 435 2350 ΙΙ
463 2272 494 2325 et
518 2284 578 2346 ego
602 2263 707 2326 credo.
731 2262 787 2326 sed
810 2284 922 2327 eccum
946 2262 1091 2326 lenonem
1115 2259 1264 2345 Lycum

279 2363 407 2428 Bonum
431 2365 537 2428 virum
560 2385 670 2427 eccum
695 2365 803 2429 video:
828 2387 861 2428 se
884 2365 1031 2451 recipit
1053 2364 1218 2428 domum.

166 2488 281 2530 versus
309 2465 391 2532 1330
418 2467 451 2529 in
478 2465 511 2530 A
537 2465 699 2550 duplicem
734 2467 889 2532 habemus
916 2468 1061 2548 sormam,
1092 2488 1228 2550 quarum
1257 2465 1391 2530 alteram

166 2569 280 2654 (1331)
298 2591 338 2632 ex
356 2568 576 2655 dittographia
599 2570 750 2653 repetivit
766 2569 948 2656 Ussingius‚
972 2570 1005 2632 id
1029 2569 1117 2653 quod
1140 2569 1187 2633 sic
1209 2569 1392 2634 accuratius

170 2670 321 2754 equidem
339 2670 549 2748 definiverim,
566 2685 600 2734 ut
615 2672 851 2758 erexemplari
867 2673 1000 2736 histrico
1018 2694 1088 2735 eam
1104 2672 1137 2734 in
1155 2671 1392 2737 Ambrosianae

167 2774 364 2837 recensionis
381 2775 594 2858 archetypum
612 2776 837 2860 transcriptam
855 2796 925 2838 esse
950 2775 1067 2838 dicam.
1093 2772 1180 2860 quod
1203 2773 1244 2837 ad
1268 2784 1391 2839 ceteras

167 2875 372 2939 diversitates
400 2876 532 2953 attinet,
569 2878 641 2959 quis
669 2877 897 2962 grammaticos
927 2876 960 2939 in
987 2877 1064 2941 talia
1092 2876 1243 2941 incidisse
1272 2877 1392 2956 credat,

167 2979 201 3041 in
219 2976 334 3061 quibus
351 2979 498 3043 mutandi
521 3000 618 3042 causa
634 2979 723 3042 nulla
739 2979 957 3065 conspicitur?
981 2978 1021 3040 ad
1046 3001 1091 3056 ‚se
1115 2979 1228 3066 recipit
1251 2980 1393 3044 domum‘

167 3081 209 3144 cf.
227 3082 340 3167 Amph.
357 3083 420 3148 663
443 3080 588 3157 ‚Ecastor
611 3081 685 3144 med
703 3082 787 3146 haud
812 3081 913 3145 invita
936 3104 968 3145 se
986 3082 1114 3147 domum
1140 3084 1256 3167 recipit
1279 3092 1391 3147 suam‘.

165 3184 278 3246 Pseud.
293 3182 355 3247 789
378 3183 473 3260 ‚Erus
498 3203 609 3246 eccum
632 3183 747 3269 recipit
769 3206 802 3248 se
826 3185 956 3250 domurn
980 3196 1011 3248 et
1034 3183 1123 3248 ducit
1146 3196 1302 3270 coquom‘.

209 3287 302 3350 Marc.
326 3288 385 3352 251

254 3388 296 3452 Α;
321 3387 394 3474 Ego
417 3389 501 3452 enim
524 3388 635 3472 lugere
659 3398 755 3474 atque
777 3387 950 3453 abductam
974 3388 1064 3452 illam
1087 3411 1183 3476 aegre
1206 3391 1273 3476 pati

251 3490 294 3553 P:
317 3489 389 3576 Ego
414 3493 498 3555 enim
523 3491 633 3576 lugere
657 3502 754 3574 atquc
778 3491 867 3555 illam
890 3491 1065 3555 abductam
1088 3493 1250 3577 conqueri.

165 3592 377 3678 Niemeyerus
401 3615 528 3677 quoque
551 3616 582 3678 p.
606 3598 649 3661 40
671 3616 737 3659 rem
762 3594 796 3657 in
821 3593 918 3658 dubio
942 3594 1102 3681 relinquit.

212 3695 304 3757 Menc.
328 3695 391 3760 319

252 3795 293 3862 P:
318 3795 506 3860 Humanum
530 3810 678 3876 amarest,
702 3800 880 3865 humanum
903 3812 1011 3866 autem
1033 3801 1238 3887 ignoscerest.

165 3922 209 3963 ex
226 3898 431 3964 Ambrosiani
453 3901 599 3984 apicibus
617 3903 670 3988 (cf.
690 3900 819 3968 Goetzii
837 3905 910 3970 adn.
930 3905 971 3968 ad
990 3906 1034 3990 v.)
1047 3903 1197 3970 Gertzius
1212 3904 1392 3969 enucleavit

250 4002 440 4068 Humanum
469 4016 608 4068 amarest
636 4017 732 4088 atque
759 4005 792 4068 id
816 4007 866 4071 vei
890 4006 1028 4092 obtingit
1051 4007 1156 4071 deum.

165 4106 298 4192 egregia
311 4116 507 4193 estutraque
524 4109 682 4172 sententia
698 4120 729 4171 et
752 4109 882 4195 egregie
902 4110 1039 4196 quadrat
1056 4110 1098 4173 ad
1115 4110 1178 4173 loci
1190 4109 1391 4176 sententiam.

163 4209 341 4294 respiciunt
374 4210 459 4273 enim
485 4209 708 4274 Palatiuorum
735 4211 836 4277 verba
867 4235 995 4277 versum
1025 4214 1088 4278 317
1122 4211 1213 4290 ‚nihil
1245 4213 1390 4290 estium,

164 4312 253 4396 quod
276 4323 309 4376 tu
332 4312 410 4376 mihi
434 4321 636 4376 succenseas‘
659 4324 690 4376 et
713 4313 774 4379 321
799 4337 850 4392 ‚ne
872 4315 916 4380 sis
932 4339 982 4380 me
1006 4315 1163 4400 obiurga‘,
1180 4303 1397 4380 Anrbrosiani

165 4422 274 4478 autem
309 4412 409 4478 verba
442 4436 554 4478 versus
579 4414 638 4480 321
675 4415 770 4479 finem
806 4417 877 4492 ‚hoc
900 4440 962 4481 non
988 4419 1135 4482 voluntas
1165 4439 1216 4482 me
1246 4418 1392 4507 inrpolit‘.

167 4538 187 4581 a
210 4517 387 4602 praestanti
412 4527 507 4603 poeta
529 4527 704 4604 utrumque
727 4519 818 4585 vides
840 4523 1022 4608 profectum
1043 4541 1121 4590 esse.
1159 4547 1160 4550 ¹
