3120 5138
841 278 863 346 4

753 374 952 382 ...—-—.---—

186 476 191 485 ’
283 479 397 550 Iamne
419 485 490 551 abis
513 486 569 551 tu?
593 484 673 575 [abit
696 487 859 577 profecto]
883 511 970 554 nunc
993 485 1126 551 consilio
1150 509 1227 553 sano
1250 498 1344 574 opust

285 586 403 677 [Ambo
426 586 597 676 ahilerunt.
643 589 718 655 vide
741 589 913 672 Gelasime,
938 589 1017 679 quid
1041 589 1202 676 capturu’s
1226 590 1348 659 consili.

326 691 477 779 Denique
513 693 546 756 in
585 693 692 779 priore
731 693 900 758 Trinnntmt'
938 693 1079 759 editione
1116 690 1159 756 ad
1194 714 1305 757 versus
1343 694 1463 758 cantici

241 793 422 860 act-275
445 793 685 858 constituendos
712 797 915 861 coniunctam
945 794 1150 860 Ambrosiani
1179 805 1211 858 et
1242 793 1462 861 Palatinarum

241 896 427 961 memoriam
454 895 618 978 adhibuit,
647 896 680 959 in
707 895 809 962 altera
836 898 955 963 rectius
983 897 1016 960 in
1040 897 1107 962 solo
1128 896 1348 963 Ambrosiano
1370 900 1462 965 nisus

72 1081 75 1089 .
191 1080 196 1090 „
240 1020 353 1063 versus
384 997 555 1086 discripsit.
611 1020 715 1084 neque
745 1000 830 1064 enirn
858 1002 1078 1087 perseveravit
1106 1000 1138 1063 in
1168 1021 1208 1064 ea
1240 1021 1337 1086 quam
1366 1000 1462 1066 modo

240 1100 432 1166 adumbravi
466 1102 638 1184 sententia,
673 1100 729 1165 sed
757 1123 821 1187 quo
856 1103 962 1186 magis
995 1102 1087 1165 crisis
1114 1098 1285 1166 Plautinae
1319 1101 1462 1167 indolem

239 1205 421 1288 perspexit,
452 1224 512 1289 ego
535 1204 638 1288 magis
661 1202 703 1268 ab
726 1203 787 1268 hoc
809 1204 928 1269 iudicio
945 1201 1128 1267 declinavit
1168 1225 1307 1291 namque
1330 1225 1404 1270 cum
1428 1207 1461 1269 in

241 1306 458 1392 Opaecnloram
487 1305 649 1370 volumine
678 1304 777 1370 altero
811 1307 925 1372 iterum
956 1303 1127 1394 epistulam
1153 1304 1257 1388 illam,
1291 1328 1389 1393 quarn
1418 1306 1460 1373 ad

237 1407 462 1473 Hermannum
479 1409 612 1492 triginta
628 1409 721 1472 annis
744 1419 818 1473 ante
841 1411 1024 1495 scripserat,
1048 1406 1169 1490 ederet,
1194 1410 1227 1472 in
1249 1406 1458 1474 adnotatione

239 1510 315 1597 (Op.
327 1511 382 1598 pls.
405 1510 533 1597 11193)
557 1510 685 1575 disertis
708 1510 817 1576 vorbis
833 1511 995 1597 professus
1018 1522 1066 1575 est
1088 1533 1122 1575 se
1145 1512 1209 1575 iam
1225 1532 1262 1575 eo
1283 1510 1459 1577 adductum

238 1635 322 1694 esse,
346 1625 381 1677 ut
403 1598 621 1679 recensionem
644 1612 825 1678 fabularum
849 1611 1070 1679 Plautinarum
1092 1611 1236 1678 consulto
1262 1613 1381 1678 factam
1410 1625 1461 1680 sat

239 1714 347 1780 multis
377 1714 455 1780 locis
484 1716 713 1803 agnosceret.¹)
757 1717 834 1802 quin
861 1738 899 1780 eo
926 1730 1116 1802 progressus
1144 1726 1206 1798 est,
1237 1727 1271 1780 ut
1297 1717 1459 1783 eiusmodi

239 1817 434 1882 recensionis
459 1817 588 1883 diversa
612 1817 811 1904 exemplaria
840 1819 1075 1903 repraesentari
1102 1816 1214 1882 codice
1242 1819 1398 1904 rescripto
1427 1830 1459 1884 et

237 1919 394 1986 Palatinis
423 1918 513 1985 libris
540 1921 717 1984 rectissime
741 1917 955 2003 intellegeret;
985 1918 1019 1982 id
1042 1917 1128 2004 quod
1153 1939 1328 2002 cognosces
1350 1921 1457 1999 exiis,

236 2044 319 2109 quae
344 2021 520 2108 disputavit
542 2023 575 2085 in
600 2020 803 2086 Fleckeiseni
824 2022 985 2085 annalibus
1014 2019 1095 2088 1868
1118 2043 1149 2107 p·
1173 2019 1237 2084 342
1258 2051 1302 2080 =
1327 2021 1384 2108 Op.
1400 2024 1455 2109 pt.

236 2123 287 2188 III
306 2125 408 2208 791²),
433 2147 496 2211 quo
513 2123 626 2188 eodem
648 2123 718 2188 loco
738 2122 778 2188 de
795 2122 1021 2188 recensionem
1032 2124 1136 2210 pretio
1154 2134 1186 2188 et
1203 2126 1393 2190 anctoritate
1409 2127 1455 2192 ita

237 2226 369 2308 iudicat,
394 2239 429 2291 ut
451 2225 632 2292 Palatinam
653 2226 874 2291 recensionem
897 2247 960 2290 non
983 2248 1047 2291 uno
1068 2227 1197 2290 nomine
1220 2225 1455 2293 Ambrosianae

235 2341 399 2418 praestare
433 2328 598 2395 concedat.
648 2327 747 2393 nihilo
775 2329 873 2393 setius
901 2330 935 2392 in
963 2329 1149 2400 recensione
1177 2327 1383 2413 agnoscenda
1410 2331 1455 2395 in·

238 2434 435 2498 constantior
463 2433 525 2497 fuit
551 2432 583 2495 in
607 2429 709 2495 altera
737 2430 919 2495 Trinummi
946 2429 1096 2496 editione.
1140 2453 1215 2495 nam
1243 2453 1283 2496 ne
1310 2453 1454 2516 urgeam,

236 2536 321 2622 quod
345 2535 491 2623 pluribus
514 2534 593 2599 locis
616 2532 875 2598 retractationem
897 2532 1015 2598 factam
1039 2555 1108 2598 esse
1131 2556 1194 2598 non
1215 2532 1453 2618 animadvertit,

234 2640 267 2701 in
296 2638 465 2701 Trinummi
483 2661 514 2701 v.
533 2636 603 2718 186,
628 2634 683 2699 ubi
696 2632 828 2721 duplex
849 2634 882 2699 in
900 2635 929 2700 A
944 2636 1076 2701 mutatio
1099 2635 1207 2720 efficit,
1231 2647 1265 2702 ut
1287 2636 1329 2702 de
1343 2660 1452 2703 recen-

235 2741 324 2804 sione
361 2739 448 2804 facta
481 2738 622 2804 dubitari
655 2748 810 2824 nequeat,
847 2737 1040 2804 Ritschelius
1074 2738 1170 2803 nimis
1203 2750 1296 2805 caute
1330 2739 1457 2806 addidit

233 2851 301 2924 ,aut
328 2863 436 2906 errore
463 2851 518 2909 aut
546 2863 564 2906 e
592 2841 788 2906 correctione
816 2842 959 2906 metrica‘
985 2842 1046 2906 hoc
1069 2852 1180 2907 natum
1205 2863 1285 2907 esse.
1329 2841 1369 2908 de
1393 2842 1457 2908 dis·

233 2944 373 3009 tinendis
391 2942 474 3008 inter
494 2966 529 3008 ee
551 2942 753 3008 diversarum
767 2946 991 3010 recensionum
1001 2945 1169 3031 scripturis
1185 2967 1226 3011 ne
1241 2944 1307 3010 illic
1323 2946 1454 3034 quidem

236 3045 366 3112 disertis
376 3045 487 3111 verbis
503 3045 657 3111 iudicium
673 3046 766 3122 fecit3
788 3047 821 3110 in
838 3047 1023 3113 universum
1041 3058 1159 3125 autem,
1176 3070 1217 3113 ne
1233 3045 1454 3135 discrepantes

235 3257 436 3266 ———-.-—.

318 3388 337 3452 ¹)
356 3383 434 3450 ,Desa
452 3383 499 3438 ich
511 3383 573 3438 hier
590 3383 620 3437 in
632 3383 682 3438 dor
693 3383 877 3456 Verneinung
892 3386 972 3456 jeder
990 3388 1205 3444 recensirenden
1217 3387 1389 3458 Thatigkeit
1407 3388 1453 3443 die

230 3471 283 3525 mit
295 3469 485 3525 Bewueetsein
501 3469 559 3523 und
570 3469 692 3524 Absioht
704 3473 798 3541 geiibt
816 3473 1005 3543 gelegentlich
1016 3472 1076 3527 sich
1088 3473 1159 3526 anch
1175 3473 1225 3526 auf
1239 3473 1288 3527 das
1300 3472 1452 3527 Meti-ischa

231 3557 391 3612 eretreclten
417 3558 535 3620 musete,
562 3554 634 3610 doch
659 3573 693 3609 zu
716 3557 782 3611 weit
812 3575 957 3628 gegangen
984 3576 1049 3622 war,
1074 3557 1181 3612 konnte
1205 3558 1261 3612 mir
1283 3560 1378 3628 opiter
1406 3558 1452 3612 bei

229 3642 280 3696 der
297 3642 453 3696 kritischen
475 3639 667 3709 Bearheitung
689 3640 739 3694 der
762 3641 905 3696 einzelnen
923 3642 1027 3698 Stiicke
1052 3641 1130 3696 nicht
1153 3632 1308 3712 ³verborgen
1330 3641 1452 3708 bleiben,

230 3745 274 3780 wo
292 3726 431 3797 Beispiele
447 3741 542 3795 genug
558 3741 607 3778 aue
625 3723 711 3779 Licht
727 3729 856 3795 getreten
874 3725 952 3781 sind!

313 3830 336 3896 ²)
353 3829 412 3893 ,Bei
435 3827 622 3896 eingehender
643 3827 702 3881 und
725 3827 933 3897 unbelangener
949 3825 1142 3897 Betrachtnng
1166 3827 1251 3898 [musa
1278 3826 1349 3899 sich]
1373 3829 1453 3883 mehr

228 3913 286 3968 und
308 3914 386 3967 mehr
410 3913 455 3968 die
473 3897 680 3981 ilberzeugung
702 3911 783 3965 Behn
805 3911 934 3978 brechen,
957 3911 1020 3966 dass
1041 3929 1115 3967 zwar
1137 3913 1167 3966 in
1189 3912 1286 3979 allam,
1312 3930 1368 3967 was
1391 3913 1452 3968 sich

229 4000 279 4052 auf
288 3998 342 4052 den
361 3998 536 4053 nattis-lichen
545 3997 660 4066 Voraug
672 3996 748 4050 einer
760 3995 1087 4066 sechshundertjithrigen
1098 3997 1450 4067 Altersprioritittzurtick-

230 4083 330 4138 liihren
349 4083 426 4149 litent,
438 4083 488 4137 der
501 4082 673 4152 Palimpsest
684 4079 841 4148 unbedingt
860 4079 930 4133 iiber
941 4080 996 4134 den
1008 4081 1219 4136 Palatinischen
1228 4081 1451 4138 Handechrilten

228 4167 311 4234 steht,
329 4185 364 4222 an
389 4167 450 4221 sich
468 4167 592 4237 dagegen
614 4166 660 4220 die
678 4166 733 4220 den
750 4165 883 4218 letateren
901 4182 934 4217 zu
953 4163 1068 4220 Grunde
1089 4165 1218 4237 lingenda
1242 4166 1450 4239 Texteegestalt

226 4252 306 4306 nicht
322 4256 394 4306 etwa
411 4269 464 4305 nur
481 4251 535 4306 den
552 4252 681 4321 gleichen
699 4249 781 4320 Rang
797 4248 851 4303 mit
868 4248 919 4303 der
935 4249 984 4303 dee
1002 4249 1185 4321 Palimpeeets
1205 4251 1365 4323 hehauptet,
1385 4270 1447 4307 son-

227 4337 296 4390 dem
314 4337 453 4406 nielfaltig
470 4337 531 4391 eine
549 4335 730 4392 entechieden
752 4334 871 4399 echtere,
889 4332 953 4387 weil
970 4351 1025 4388 von
1043 4336 1258 4404 recensirender,
1277 4337 1449 4392 namentlich

226 4420 421 4489 abgltttender
447 4421 505 4474 und
531 4421 579 4475 dae
602 4418 838 4474 Alterthiimliche
860 4416 1082 4473 verwischender
1104 4417 1270 4491 Thatigkeit
1294 4421 1379 4476 freier
1402 4440 1449 4492 ge-

226 4504 353 4558 hliehene
372 4489 590 4575 llberlieferung
611 4504 770 4559 darhietet.‘
