3120 5138
763 317 804 381 28

258 518 311 584 Ex
334 530 438 584 metro
465 542 577 584 versus
594 519 676 584 1187
699 519 828 587 turbato
845 522 1042 588 Ritsohelius
1064 526 1233 604 conclusit,
1256 526 1397 593 duorum

173 643 324 686 versuum
347 620 499 707 reliquias
521 621 554 686 in
577 645 677 687 unum
700 624 857 690 coaluisse
878 626 922 690 ad
943 626 1030 691 hunc
1045 627 1191 693 modum:
1417 684 1421 690 .

212 723 353 793 HARP.
374 723 459 808 Quoi
482 724 635 793 domino?
672 725 725 792 SI.
760 727 840 812 quid
861 728 946 792 socci
1004 738 1022 771 ¹
1079 736 1096 771 *
1153 738 1170 773 *
1228 739 1245 774 *
1305 740 1322 775 *
1381 740 1397 775 *

213 833 231 869 *
315 833 333 869 *
762 829 841 917 quid
864 829 1051 896 somniatis?
1073 854 1146 897 mea
1167 855 1195 898 e.
1218 856 1250 917 q.
1271 856 1299 899 s.

168 929 202 993 in
224 929 258 994 A
288 951 364 996 vero
390 952 465 996 cum
497 931 606 996 verbis
639 934 716 1018 qaid
742 937 818 997 socci
844 933 970 999 omissis
997 934 1047 1021 (id
1076 934 1163 1020 quod
1193 935 1396 1003 Ritschelius

166 1032 295 1115 nesciit)
316 1044 454 1098 metrum
476 1056 592 1099 sanum
607 1033 658 1112 sit,
681 1035 908 1119 inquirendum
923 1037 993 1117 erit,
1017 1048 1125 1103 utrum
1148 1038 1282 1104 oonsilio
1305 1040 1390 1108 haec

168 1133 268 1200 verba
304 1136 336 1200 in
368 1136 402 1201 A
441 1136 579 1222 expulsa
619 1159 661 1201 an
699 1137 732 1203 iu
765 1138 795 1203 P
833 1138 1026 1224 interpolata
1063 1140 1137 1205 sint.
1198 1143 1291 1227 atqui
1328 1142 1393 1208 tole

168 1236 425 1304 additamentum
462 1239 745 1326 interpolatoribus
780 1240 813 1304 in
848 1252 987 1306 mentem
1022 1242 1148 1307 venisse
1185 1265 1245 1328 per
1274 1266 1310 1308 se
1336 1245 1395 1310 vix

167 1341 365 1407 credendum
387 1355 450 1420 est3
473 1365 578 1428 neque
592 1343 763 1428 quisquam
780 1342 887 1409 Plauti
912 1344 1034 1429 peritus
1052 1344 1276 1411 Palatiuorum
1299 1346 1394 1412 intar-

165 1443 361 1529 polatiouem
393 1444 468 1510 iude
490 1458 621 1531 arguet,
649 1445 736 1530 quod
757 1446 942 1512 Pseudolus
976 1469 1072 1513 versu
1093 1446 1157 1512 735
1185 1447 1393 1534 chlamydem

168 1558 305 1625 tantum,
330 1547 546 1626 machaeram,
572 1561 721 1637 petasum
736 1549 890 1635 requirat.
934 1560 971 1614 ut
987 1550 1072 1614 enim
1089 1550 1161 1615 talis
1176 1553 1393 1638 neglegentia,

166 1649 283 1733 siqua
304 1661 364 1728 est,
386 1651 420 1714 in
453 1650 573 1716 Plauto
611 1649 804 1716 creberrime
831 1651 1008 1730 invenitur,
1041 1652 1087 1717 ita
1114 1674 1281 1718 soccorum
1310 1676 1393 1720 oom-

166 1753 387 1818 memorationi
418 1753 541 1841 optima
573 1753 720 1818 defensio
740 1763 855 1841 parata
890 1767 955 1834 est,
989 1755 1077 1838 quod
1112 1777 1228 1821 revera
1260 1757 1393 1823 caculas

166 1856 297 1943 proprio
334 1878 501 1922 soccorum
539 1877 658 1943 genere
692 1877 767 1920 usos
801 1876 871 1919 esse
910 1855 1028 1921 scimus
1067 1879 1109 1921 ex
1146 1857 1228 1922 Trita
1264 1882 1300 1925 a.
1330 1859 1394 1925 720

167 1959 256 2046 ,quid
291 1981 352 2047 ego
382 1982 467 2024 nunc
494 1981 600 2044 agam
632 1957 695 2022 nisi
716 1967 752 2022 ut
775 2009 783 2024 .
806 2009 814 2024 .
838 2004 846 2019 .
868 2009 876 2024 .
898 1956 1071 2023 fulmentas
1091 1958 1222 2024 iubeam
1236 1960 1393 2048 suppingi

168 2062 294 2128 soccis?
333 2113 341 2129 .
377 2110 417 2129 ..
450 2061 546 2126 video
582 2060 728 2125 caculam
765 2058 936 2124 militarem
972 2082 1023 2125 me
1059 2062 1204 2127 futurum
1236 2084 1264 2130 e.
1294 2086 1328 2148 q.
1355 2074 1393 2129 s.‘

165 2163 304 2248 denique
326 2186 367 2228 ne
383 2163 444 2229 hoc
459 2164 590 2248 quidem
605 2163 845 2251 neglegendum
860 2165 918 2241 est,
933 2164 1017 2229 inter
1034 2168 1106 2250 quoi
1119 2167 1252 2242 domm
1270 2165 1391 2254 quibus

165 2266 273 2332 verbis
303 2267 346 2331 ad
379 2267 622 2333 antecedentem
664 2267 949 2354 interrogationem
986 2268 1064 2332 satis
1100 2268 1247 2353 responsi
1283 2268 1391 2348 datur,

166 2381 197 2436 et
211 2373 288 2457 quit
301 2373 456 2434 wmns'cts's
476 2392 562 2436 novo
578 2369 718 2435 ludibrio
735 2371 841 2436 locum
856 2392 987 2456 prorsus
1002 2381 1114 2456 aptum
1130 2392 1209 2453 esse,
1233 2372 1391 2456 quoniam

164 2473 198 2538 in
220 2473 282 2538 hac
303 2472 413 2558 lepida
437 2472 647 2539 altercatione
669 2495 781 2538 senum
805 2473 954 2537 convicia
975 2484 1008 2537 et
1029 2473 1161 2538 caculae
1176 2472 1390 2541 mirabundus

165 2575 432 2662 interrogationes
465 2575 558 2659 quasi
586 2576 778 2662 praecipites
816 2597 851 2640 se
880 2576 1030 2662 excipere
1063 2575 1222 2641 videmus.
1277 2576 1390 2666 itaque

165 2678 245 2742 mihi
268 2678 399 2765 quidem
433 2679 480 2742 sic
502 2678 708 2744 statuendum
736 2678 879 2767 videtur:
909 2678 1078 2762 archetypi
1105 2676 1331 2744 Palatinarum
1358 2691 1391 2746 st

165 2779 375 2846 Ambrosiani
411 2779 519 2845 scriba
552 2792 625 2865 post
657 2781 758 2846 verba
788 2784 864 2868 quii
890 2784 967 2845 soeea‘
992 2781 1027 2845 in
1048 2791 1236 2868 sequentem
1257 2803 1390 2849 versum

166 2881 345 2961 aberravit3
368 2906 432 2971 quo
455 2905 528 2948 cum
551 2905 664 2949 versus
686 2883 771 2948 iusto
792 2883 928 2969 longior,
949 2884 1079 2970 qualem
1101 2883 1130 2948 P
1151 2882 1303 2971 religiose
1326 2906 1390 2951 ser·

165 2998 335 3064 vaveruut,
372 2987 542 3064 existeret,
572 2985 783 3051 Ambrosiani
818 2997 978 3051 corrector
1005 2999 1107 3050 metro
1144 2985 1259 3051 codam
1291 2984 1390 3053 modo

167 3088 338 3167 consuluit,
361 3112 425 3178 quo
446 3090 480 3155 in
497 3089 609 3154 codice
623 3087 787 3176 Lipsiensi
803 3087 833 3152 Il
848 3100 880 3152 et
901 3088 936 3152 in
952 3087 1092 3154 editione
1106 3086 1254 3174 principe
1267 3089 1392 3157 factum

166 3202 225 3268 est,
248 3191 358 3256 delens
381 3192 534 3258 videlicet
555 3193 631 3279 qaid
651 3193 736 3254 socci.

251 3294 363 3358 Pseud.
389 3295 451 3360 189
472 3293 513 3360 de
534 3292 752 3359 frumentariis
774 3292 892 3358 dicitur

231 3393 357 3479 Quibus
380 3398 504 3461 cunctis
527 3407 651 3462 montes
674 3396 820 3460 maxumi
843 3396 953 3462 acervi
973 3394 1129 3460 frumeuti
1150 3405 1227 3460 sunt
1247 3394 1349 3461 domi.

167 3510 312 3584 apparet,
334 3499 457 3584 opinor,
487 3503 586 3564 merci
606 3522 676 3564 esse
698 3521 823 3564 merum
850 3499 1011 3587 glossema
1038 3498 1080 3562 ad
1108 3510 1221 3563 montes
1242 3503 1391 3575 mmai

168 3600 255 3689 quod
276 3612 448 3689 postquam
469 3602 616 3689 proxime
645 3601 687 3666 ab
701 3601 754 3666 his
769 3601 875 3668 verbis
896 3602 931 3666 in
952 3622 1081 3666 versum
1102 3600 1231 3679 invasit,
1253 3600 1392 3667 verbum

167 3704 354 3791 genuinum,
377 3704 602 3792 quodcumque
616 3704 688 3780 fuit,
711 3703 877 3792 expulit.¹)
913 3727 988 3769 cum
1005 3724 1081 3767 vero
1094 3700 1125 3768 P
1138 3702 1227 3768 hunc
1241 3702 1392 3769 ordinem

167 3804 339 3871 verborum
356 3807 565 3884 servaverint,
576 3805 787 3871 Ambrosiani
809 3817 970 3873 corrector
983 3805 1218 3881 vocabulorum
1238 3808 1341 3871 mcci
1360 3814 1393 3873 et

162 3911 314 3998 frameati
335 3908 406 3974 loca
426 3909 571 3986 mutavit,
594 3920 630 3974 ut
652 3931 782 3974 versum
804 3909 960 3975 efficeret:

232 4008 358 4094 Quibus
375 4011 498 4077 edoctis
523 4023 647 4077 montes
668 4010 814 4077 mdxumi
834 4008 988 4074 frumenti
1010 4008 1119 4074 acervi
1134 4007 1212 4073 adut
1226 4006 1328 4075 domi.

168 4112 366 4201 Buggius¹),
388 4123 425 4178 ut
446 4117 545 4179 merci
565 4126 721 4192 servaret,
743 4112 925 4199 proposuitz

256 4354 277 4423 ¹)
293 4351 392 4421 Neque
410 4352 485 4406 enim
501 4353 591 4422 probo
614 4351 764 4406 Ritschelii
787 4351 961 4419 aliorumque
978 4350 1160 4414 coniecturas,
1177 4350 1227 4417 qui
1243 4366 1305 4405 non
1319 4350 1395 4407 inter

167 4441 282 4495 mens·
299 4443 328 4495 et
343 4439 470 4510 fnonmti
486 4437 536 4491 sed
552 4437 615 4491 aliis
632 4437 702 4493 locis
719 4453 832 4491 reram
848 4435 961 4505 explere
978 4433 1154 4489 studuerunt.

250 4538 274 4611 ²)
289 4538 326 4595 et
343 4537 497 4596 Loreazius
517 4538 615 4593 Ptitot
632 4534 770 4594 XXVIII
785 4536 837 4591 357
853 4552 894 4607 sq.
