3120 5138
768 289 807 354 41

170 491 293 557 diserte
316 492 460 557 defendit
481 494 523 562 A.
548 496 739 584 Spengelius
750 496 785 583 ¹),
810 517 956 560 necnon
980 494 1134 562 Goetzius
1164 497 1197 561 in
1219 497 1396 563 novissima

171 594 273 661 Stichi
299 595 439 662 editione
455 596 576 685 ubique
598 599 683 665 hanc
704 601 840 664 formam
859 597 976 664 Plauto
998 598 1148 664 reddidit.
1192 611 1288 687 atque
1312 612 1397 686 post·

172 720 270 783 quam
294 698 507 788 Niemeyerus
532 725 563 787 p.
581 702 623 766 46
644 703 709 766 iarn
733 702 975 780 demonstravit,
998 701 1157 790 quomodo
1172 701 1395 769 Palatinorum

173 801 333 886 scriptura
358 801 488 867 defendi
511 804 626 890 possit,
649 827 728 870 sano
757 804 876 871 iudicio
899 805 1102 893 Spengclius,
1125 805 1395 892 quemadmodum

172 902 382 967 Ambrosieni
407 926 519 970 versus
542 919 634 973 natus
657 908 708 986 sit,
732 908 890 996 exposuit.
925 909 1042 973 etenim
1065 907 1122 995 qui
1143 907 1396 974 Ambrosianum

171 1007 344 1085 recensuit,
367 1031 426 1072 non
448 1030 506 1097 pro
528 1031 682 1095 responso
705 1032 774 1075 esse
799 1011 914 1076 voluit:
946 1033 1010 1096 quo
1032 1013 1117 1074 facto
1141 1032 1215 1075 cum
1237 1014 1395 1076 sententia

169 1109 379 1197 pessumdata
408 1122 506 1190 esset,
535 1113 635 1178 altero
664 1137 722 1178 non
750 1113 861 1178 addito
884 1127 914 1178 et
939 1112 1044 1178 verbis
1072 1113 1155 1177 inter
1178 1112 1395 1202 colloquentes

170 1223 246 1299 apte
281 1212 460 1278 distributis
494 1215 603 1280 sensui
637 1215 801 1294 subvenit,
839 1217 932 1281 metri
965 1238 1042 1281 vero
1075 1216 1181 1304 gratia
1215 1217 1396 1305 Pamphilio

172 1314 308 1390 invenit,
331 1313 475 1380 Terentii
497 1328 533 1381 ut
556 1317 683 1383 videtur
705 1341 837 1396 memor,
861 1320 916 1404 qui
939 1320 1001 1384 hoc
1023 1320 1151 1386 nornine
1174 1321 1221 1385 uti
1245 1321 1334 1385 solet.

215 1418 307 1485 Stich.
331 1419 395 1484 624

256 1522 298 1585 P:
322 1520 410 1606 Quid
432 1523 556 1610 igitur?
578 1525 587 1610 ll
609 1524 677 1589 dixi
707 1526 857 1611 equidem
884 1525 918 1588 in
940 1546 1102 1590 carcerem
1125 1527 1198 1590 ires.

168 1625 320 1690 Loewius
366 1627 459 1689 Anat.
494 1628 597 1690 Plaut.
638 1651 669 1714 p.
704 1627 781 1692 184:
825 1637 884 1704 ,est
917 1627 970 1692 ille
1009 1628 1098 1693 locus
1137 1628 1182 1713 (in
1221 1628 1268 1715 A)
1307 1627 1396 1692 talist

164 1709 532 1815 DIXTSEQUIDEM,
549 1729 604 1794 ubi
622 1733 702 1794 curti
715 1731 805 1794 vides
821 1731 942 1794 factum
959 1753 998 1794 ex
1017 1732 1106 1805 dicis,
1130 1731 1265 1795 alittera
1280 1730 1396 1794 lineola

166 1834 266 1919 (quae
296 1853 373 1895 num
402 1831 498 1896 altius
528 1831 698 1917 pertineat,
733 1833 871 1898 obtectio
904 1835 982 1898 lacit
1015 1845 1052 1897 ut
1077 1833 1216 1898 discerni
1244 1835 1397 1920 nequeat)

166 1935 284 2012 deleta,
307 1937 321 1997 i
341 1935 461 2020 (nont)
485 1936 713 2021 supraposita,
736 1939 867 2001 iantea
888 1937 920 2000 in
944 1949 956 2000 t
978 1946 1121 2002 mutata‘
1155 1937 1242 2002 unde
1261 1947 1397 2024 apparet

166 2039 294 2103 scribae
321 2037 491 2122 predicti,
517 2035 603 2123 quod
629 2037 664 2100 in
691 2036 868 2124 archetypo
899 2038 1016 2123 erat'),
1040 2038 1071 2101 in
1102 2046 1243 2102 mentem
1271 2040 1396 2104 venisse

164 2142 337 2226 vulgarem
361 2142 497 2206 formam
521 2144 639 2219 cnuti,
674 2162 780 2205 errore
806 2150 912 2204 autem
939 2141 1047 2204 statim
1076 2141 1301 2205 animadverso
1322 2164 1395 2206 eum

165 2244 291 2309 litteras
316 2244 380 2308 iam
404 2247 541 2330 scriptas
564 2246 645 2308 dicia
666 2244 699 2307 in
722 2243 892 2308 scribendo
915 2243 1093 2308 correxisse
1115 2243 1149 2307 in
1172 2246 1259 2309 citati.
1297 2266 1395 2328 quam

166 2346 362 2433 scripturam
386 2370 463 2411 sane
495 2348 611 2412 miram
640 2369 718 2413 casu
751 2359 854 2411 ortam
883 2369 952 2411 esse
981 2369 1044 2411 non
1066 2347 1162 2411 facile
1191 2347 1394 2434 persuadeas,

167 2449 339 2514 consilium
362 2460 469 2516 autem
493 2451 520 2514 si
543 2450 674 2515 subesse
697 2450 909 2527 concesseris,
943 2448 1151 2514 Ambrosiani
1177 2449 1395 2515 recensionem

165 2552 224 2616 vix
248 2574 369 2639 negare
393 2553 512 2640 poteris
535 2552 640 2617 redire
664 2552 705 2617 ad

256 2655 345 2740 Quid
366 2656 466 2742 igitur
489 2656 597 2720 dixti?
618 2657 627 2744 ll
650 2655 798 2743 equidem
822 2655 855 2719 in
878 2676 1041 2720 carcerem
1063 2655 1135 2720 ires.

167 2781 242 2823 cum
270 2779 347 2823 vero
379 2773 502 2823 constet
529 2759 560 2822 in
591 2757 621 2823 P
650 2779 762 2822 verum
792 2779 877 2833 esse,
913 2779 1052 2844 quanam
1081 2758 1203 2821 ratione
1232 2768 1395 2821 auctorem

166 2862 363 2926 recensionis
381 2859 617 2926 Ambrosianae
641 2861 683 2924 ad
705 2859 793 2923 illam
817 2859 1024 2924 mutationem
1048 2859 1180 2923 ductum
1197 2881 1266 2923 esse
1289 2858 1396 2924 crede·

171 2964 269 3028 mus?
292 2984 389 3047 quam
414 2963 440 3028 si
458 2985 531 3027 eum
553 2962 626 3026 ideo
641 2962 755 3026 fecisse
771 2962 894 3039 dixero,
917 2973 952 3025 ut
968 2960 1210 3045 interrogationi
1226 2961 1395 3046 ellipticae,

167 3088 264 3151 quam
282 3087 446 3143 vocamus,
464 3067 540 3152 qnid
550 3063 664 3151 ipitar?
679 3065 814 3129 verbum
830 3065 1010 3141 ascisceret,
1025 3064 1160 3127 fortasse
1176 3062 1328 3127 hariolari
1344 3085 1395 3127 me

167 3166 332 3247 censebis3
362 3167 418 3233 sed
443 3169 656 3246 consenseris,
690 3169 819 3255 opinor,
853 3167 880 3231 si
908 3188 949 3230 ex
972 3166 1083 3231 eodem
1113 3165 1244 3230 consilio
1264 3167 1396 3233 alterius

166 3272 230 3337 loci
254 3271 474 3337 recensionem
497 3271 705 3356 repetendam
729 3292 798 3336 esse
822 3271 1095 3334 demonstravero.

167 3452 179 3456 -
182 3451 369 3460 ..———-—-..

256 3567 275 3631 ¹)
293 3564 364 3617 Aeto
381 3565 459 3617 acad.
478 3563 585 3616 Moneo.
605 3562 672 3616 1883
689 3578 715 3630 p.
734 3562 784 3614 265
802 3578 841 3628 sq.

253 3667 276 3731 2)
297 3664 387 3718 Video
406 3664 629 3734 praecavendum
648 3680 715 3728 ease,
732 3680 767 3716 ne
786 3663 848 3730 quis
867 3663 897 3717 in
914 3663 1066 3731 archetypo
1084 3662 1267 3716 Ambrosiani
1285 3666 1396 3716 rectum

165 3751 259 3813 fuisse,
286 3750 472 3804 mutationem
497 3753 590 3803 autem
612 3749 690 3802 illam
713 3748 799 3802 solius
821 3748 928 3802 scribae
953 3749 1012 3802 sive
1030 3747 1162 3801 audaciae
1180 3747 1239 3801 sive
1257 3747 1396 3801 stultitiae

166 3835 264 3890 deberi
291 3835 377 3889 dicat.
416 3835 663 3902 quotienscumque
690 3833 764 3886 enim
788 3832 827 3886 ab
851 3833 929 3903 ipso
952 3832 1069 3885 scriba
1093 3832 1279 3885 correctiones
1304 3830 1395 3885 iactae

166 3923 239 3986 sunt,
265 3920 294 3974 id
319 3925 430 3974 tantum
453 3920 501 3974 ille
520 3920 586 3989 egit,
609 3921 640 3971 ut
658 3919 751 3973 verbis
768 3917 812 3971 vel
831 3917 943 3983 litteris,
968 3935 1035 3985 quas
1054 3916 1163 3970 incuria
1179 3932 1310 3985 perverse
1328 3916 1395 3968 scri·

169 4008 280 4075 pserat,
298 4004 451 4059 emendatis
468 4004 498 4057 id
514 4005 686 4070 restitueret,
704 4002 778 4071 quod
795 4002 825 4056 in
844 4003 996 4072 archetypo
1014 4003 1133 4072 legerat3
1157 4018 1308 4070 numquam
1328 4017 1395 4054 vcro

162 4090 343 4143 coniecturas
361 4090 396 4144 de
409 4106 459 4144 suo
477 4089 591 4158 ingenio
609 4088 713 4142 intulit.
743 4104 832 4156 neque
844 4089 935 4141 minus
953 4088 985 4152 is,
1009 4088 1057 4156 qui
1075 4088 1168 4156 ipsum
1181 4087 1394 4156 palimpsestum

168 4191 229 4227 cum
249 4173 358 4239 codice,
382 4191 416 4228 ex
435 4191 491 4241 quo
514 4174 669 4243 descriptus
687 4177 756 4238 erat,
774 4173 955 4242 comparavit,
978 4176 1108 4226 accurate
1132 4173 1163 4226 id
1179 4175 1298 4237 tantum,
1320 4170 1395 4238 quod

166 4258 196 4311 in
220 4258 271 4312 illo
293 4258 372 4312 fonte
391 4259 520 4324 extabat,
546 4259 694 4313 restituere
717 4258 815 4312 voluit.
851 4258 885 4312 cf.
904 4257 1033 4313 Loewius
1051 4258 1129 4312 Anat.
1148 4259 1238 4312 Plaut.
1264 4257 1299 4310 ad
1321 4257 1394 4310 Tria.

165 4343 225 4398 116.
245 4343 304 4397 181.
323 4343 373 4398 180
389 4346 427 4412 (p.
447 4343 515 4411 142).
535 4344 601 4398 1050
618 4352 655 4412 tp.
674 4345 747 4413 1ls);
771 4360 788 4414 a
811 4361 865 4411 quo
889 4343 1103 4412 distinguendus
1127 4347 1171 4397 est
1187 4342 1317 4395 indoctus
1335 4341 1396 4409 qui·

167 4427 232 4482 dam
256 4430 405 4493 corrector,
433 4427 468 4481 de
491 4444 545 4496 quo
569 4427 697 4482 Loewius
721 4427 848 4496 disputat
869 4445 895 4497 p.
916 4429 972 4483 180.
1002 4428 1036 4482 de
1058 4429 1135 4483 Truc.
1155 4427 1202 4485 181
1222 4425 1395 4483 Schoellium

167 4528 223 4569 non
240 4515 318 4567 recte
336 4512 474 4568 iudicasse
491 4512 561 4567 mihi
579 4528 742 4582 persuasum
760 4516 810 4568 est.
