3120 5138
677 267 879 374 Q-

164 478 321 544 credendi
342 493 433 544 sunt:
457 488 566 543 tamen
588 490 759 565 postquam
782 479 1015 566 discrepantias
1035 503 1119 565 quae
1141 481 1204 548 huc
1226 481 1389 569 pertinent

168 582 317 658 attulero,
339 604 397 667 per
420 603 531 646 earum
553 593 702 648 naturam
725 593 757 648 et
778 582 1015 647 multitudinem
1038 605 1103 647 non
1125 583 1235 649 licebit
1256 585 1289 649 in
1312 606 1390 652 casu

164 684 438 770 neglegentiaque
476 684 680 750 librariorum
717 686 847 750 unicam
888 685 1110 750 diversitatum
1147 708 1279 752 causam
1317 709 1389 754 con·

166 789 301 874 spicere.
346 811 388 852 an
409 789 546 853 fortasse
568 787 610 852 ad
633 789 863 874 grammaticos
886 797 1081 853 correctores
1096 789 1230 855 eaedem
1253 790 1390 857 redeunt

164 901 292 956 tantum
315 913 379 955 non
402 891 538 958 omnes?
560 902 592 954 at
614 890 899 977 grammaticorum
926 889 960 953 in
984 889 1168 956 universum
1191 891 1271 957 nihil
1294 892 1387 958 inter·

164 995 227 1060 fuit
251 1003 286 1058 ut
308 993 454 1059 ordinem
477 992 647 1058 verborum
679 1004 856 1070 mutarent3
890 992 1014 1058 sivero
1036 994 1136 1060 nihilo
1159 995 1265 1062 miuus
1288 1007 1389 1067 muta-

165 1106 298 1174 verunt,
328 1105 439 1183 aperte
467 1104 589 1160 certam
618 1118 764 1161 normam
792 1094 977 1181 corrigendi
1004 1094 1265 1183 observaremus,
1288 1121 1386 1187 quam

164 1210 222 1264 aut
244 1199 396 1264 alteruter
420 1210 476 1264 aut
499 1210 633 1286 uterque
655 1199 878 1263 recessionum
900 1208 1012 1263 auctor
1033 1209 1161 1264 secutus
1184 1210 1278 1266 esset.
1299 1224 1338 1267 ac
1352 1224 1387 1268 re

165 1325 244 1368 vera
267 1323 445 1388 permagno
478 1323 611 1366 numero
639 1301 784 1367 locorum
810 1301 845 1365 in
872 1311 1011 1384 utraque
1038 1302 1225 1368 recensione
1252 1326 1326 1370 eum
1355 1305 1388 1370 in

166 1404 299 1470 modum
328 1404 484 1469 correctio
519 1404 606 1468 iacta
633 1416 695 1477 est,
723 1413 760 1468 ut
788 1403 888 1469 verba
914 1425 997 1491 quae
1031 1416 1137 1469 mente
1165 1404 1390 1494 coniungenda

164 1518 257 1574 erant
279 1507 375 1571 etiam
403 1506 435 1570 in
460 1527 555 1570 versu
577 1527 675 1593 quam
702 1505 848 1592 proxime
872 1504 1105 1573 collocarentur
1112 1530 1121 1585 ;
1151 1507 1263 1592 quales
1285 1519 1387 1575 muta-

165 1611 269 1675 tiones
284 1620 321 1677 ut
340 1633 359 1674 a
373 1608 594 1695 grammaticis
611 1607 772 1696 proficisci
787 1608 930 1695 potuisse
946 1631 1033 1676 nunc
1047 1611 1179 1694 quidem
1201 1612 1390 1699 largiamur,

164 1714 208 1779 ad
231 1735 388 1797 quosnam
416 1722 563 1776 auctores
590 1712 766 1776 referemus
795 1734 921 1790 versus,
950 1733 1088 1796 quorum
1115 1712 1334 1781 diversissima
1355 1716 1389 1783 iu

166 1814 405 1881 recensionibue
434 1813 589 1878 memoria
617 1824 676 1891 est,
704 1834 808 1897 neque
836 1825 942 1878 tamen
973 1813 1101 1902 quade
1128 1837 1227 1881 causa
1255 1816 1391 1884 mutatio

164 1918 251 1983 facta
284 1917 325 1982 sit
352 1917 405 1981 vel
437 1915 600 1981 levissimo
628 1914 747 1980 indicio
776 1916 976 1982 ostenditur?
1011 1918 1102 1983 cuius
1130 1918 1176 1983 rei
1205 1919 1391 2008 exemplum

165 2043 264 2107 quam
287 2020 427 2085 maxime
449 2018 657 2084 memorabile
679 2039 882 2103 praeoccupo
904 2020 1015 2085 Pseud.
1037 2020 1102 2084 446

252 2142 299 2205 A:
321 2139 488 2206 Scelerum
511 2148 620 2224 caput,
643 2138 695 2203 hic
717 2139 861 2225 corrupit
885 2139 963 2204 mihi
985 2138 1086 2206 filium

257 2241 301 2307 P:
324 2241 391 2307 Hic
412 2242 491 2306 mihi
515 2241 690 2329 corrumpit
700 2243 726 2329 ¹)
748 2241 859 2325 filium,
883 2242 1040 2310 scelerum
1063 2255 1170 2330 caput.

167 2362 223 2427 ubi
248 2384 345 2446 quam
373 2361 514 2426 maxime
542 2371 678 2447 apparet
705 2383 810 2446 neque
837 2381 915 2429 casu
937 2361 1021 2426 hanc
1050 2360 1264 2427 differentiam
1287 2374 1391 2432 ortam

167 2488 238 2530 esse
261 2475 293 2529 et
308 2463 518 2530 Ambrosiani
534 2486 663 2529 versum
686 2464 781 2550 longe
800 2460 913 2528 cedere
928 2463 1087 2528 Palatinis
1094 2486 1103 2550 3
1125 2465 1182 2530 sed
1204 2463 1391 2532 obscurissi-

167 2590 257 2633 mum
280 2580 329 2633 est
351 2590 415 2653 qua
438 2568 477 2632 de
500 2588 598 2632 causa
626 2565 770 2632 omnium
796 2563 967 2632 verborum
990 2564 1135 2630 ordinem
1162 2567 1313 2634 everterit
1334 2569 1391 2655 qui

165 2672 255 2736 illam
282 2673 417 2737 formam
442 2670 618 2735 constituit.
652 2690 748 2756 porro
770 2668 849 2753 quid
871 2669 1014 2734 dicemus
1031 2669 1070 2734 de
1092 2669 1132 2734 iis
1155 2670 1312 2750 versibus,
1335 2670 1391 2738 ubi
1501 2720 1506 2732 .

168 2777 203 2840 in
227 2775 328 2839 altera
354 2773 541 2840 recensione
563 2772 664 2837 verba
692 2794 788 2837 sensu
812 2772 1037 2859 coniungenda
1065 2770 1162 2836 etiam
1185 2769 1218 2835 in
1240 2771 1389 2859 proxima

166 2877 333 2942 vicinitate
368 2889 454 2942 recte
488 2875 644 2940 collocata
677 2885 766 2957 sunt,
802 2875 835 2940 in
862 2875 963 2940 altera
989 2873 1071 2939 falso
1107 2874 1164 2939 sed
1191 2884 1295 2941 metro
1327 2897 1392 2942 non

166 2981 288 3046 violato
322 2981 482 3066 dirempta
513 2977 745 3045 inveniuntur?
779 2988 816 3044 ut
849 2979 902 3043 hic
935 2999 1064 3066 quoque
1097 2976 1282 3065 exemplum
1315 2978 1389 3046 ilico

166 3084 318 3161 afferam,
352 3086 384 3149 in
413 3085 498 3148 Troe.
522 3082 584 3149 268
621 3104 714 3147 nemo
745 3081 872 3148 dubitat
903 3082 981 3166 quin
1008 3070 1092 3145 Pet
1121 3078 1248 3147 Nonius
1276 3103 1391 3148 verum

167 3187 340 3252 verborum
363 3186 508 3252 ordinem
530 3184 747 3252 servaverint:

253 3291 324 3354 Iam
348 3288 454 3354 hercle
477 3310 538 3375 ego
561 3288 614 3354 hic
636 3298 686 3366 te,
709 3288 866 3371 mulier,
890 3285 984 3371 quasi
1005 3307 1060 3352 sus
1084 3283 1222 3365 catulos,
1251 3282 1390 3370 pedibus

1084 3397 1255 3474 proteram,

170 3519 251 3582 quos
274 3506 387 3561 contra
403 3497 433 3560 A
456 3503 627 3582 exaperta
643 3491 839 3558 correctione
856 3492 943 3558 hunc
961 3512 1090 3556 versum
1105 3513 1125 3555 a
1140 3499 1242 3555 metro
1256 3490 1389 3559 minime

168 3598 419 3688 vituperandum
440 3596 589 3683 praebet:

259 3906 279 3975 ¹)
298 3906 422 3975 Corrupit
450 3908 600 3976 antequam
623 3922 658 3960 cx
680 3905 709 3960 A
727 3903 901 3960 enucleatum
928 3905 971 3958 est
996 3900 1135 3972 Bergkius
1165 3899 1214 3971 (cl.
1240 3897 1392 3956 Lorenaius

169 3990 233 4045 adn.
246 3991 307 4045 crit.
321 3990 357 4044 ad
366 3992 404 4057 v.)
415 3993 573 4045 coniecerat
578 4009 585 4058 ;
598 3989 648 4045 sed
660 3992 804 4062 corrumpit
815 4005 989 4058 nequaquam
1001 3985 1191 4054 intolerabile;
1204 3984 1240 4040 cf.
1248 3985 1333 4055 Epid.
1341 3984 1392 4040 268

176 4091 247 4144 quae
266 4076 347 4130 illum
366 4073 521 4144 corrumpit
537 4075 608 4142 tibi‘,
632 4091 799 4144 quamquam
816 4074 851 4129 de
868 4075 1015 4130 meretrice
1037 4087 1127 4126 sermo
1144 4072 1195 4135 est,
1219 4085 1311 4138 ,quam
1327 4072 1392 4124 tuos

168 4164 269 4232 gnatus
288 4178 396 4216 annos
413 4160 540 4215 multos
558 4160 676 4226 deamat,
694 4158 815 4229 deperit,
839 4157 896 4213 Ubi
914 4158 1052 4226 fidemque
1069 4171 1182 4224 remque
1200 4170 1285 4224 seque
1303 4157 1388 4224 taque

168 4250 304 4316 properat
323 4245 448 4315 perdere‘
465 4246 503 4314 (v.
520 4246 571 4300 219
583 4245 646 4313 sq.);
669 4244 703 4299 cl.
720 4244 819 4299 Bacclt.
837 4243 887 4299 419
903 4260 943 4312 sq.
962 4242 1036 4309 ,Non
1052 4241 1128 4306 sino,
1152 4256 1242 4309 neque
1261 4238 1391 4309 equidem

168 4331 250 4386 illum
273 4347 318 4386 me
342 4330 408 4386 vivo
435 4329 614 4399 corrumpi
640 4329 739 4403 sinam.
774 4327 831 4384 Sed
851 4331 883 4382 tu
906 4329 955 4397 qui
977 4344 1029 4398 pro
1046 4329 1104 4380 tam
1126 4326 1298 4394 corrupto
1321 4321 1393 4378 dicis

169 4433 281 4471 causam
308 4415 375 4471 filio‘
394 4433 417 4471 e.
435 4432 461 4484 q.
480 4433 500 4470 s.
543 4413 642 4470 Bacch.
662 4414 735 4478 1190,
760 4430 816 4483 quo
837 4413 901 4468 loco
925 4413 981 4480 ‚ubi
999 4412 1074 4468 filius
1092 4414 1289 4480 corrumpatur
1305 4412 1392 4465 meus‘

170 4500 206 4559 de
223 4500 283 4556 filio
301 4502 357 4555 iam
375 4500 486 4573 pridem
503 4503 637 4570 corrupto
655 4498 767 4554 dicitur.

1192 4599 1224 4655 11
