3120 5138
677 343 879 445 Q—

166 549 267 624 suae‘,
289 545 376 631 quod
398 546 482 614 redit
499 547 540 613 ad

250 647 339 714 Nam
371 660 496 714 ecastor
528 673 706 737 numquam
739 652 817 717 satis
852 650 941 718 dedit
976 675 1055 719 suas
1093 653 1217 720 amicas
1250 654 1388 743 quisque

1084 766 1219 823 amator.

207 852 270 918 His
297 853 375 918 loeis
411 852 549 918 editores
577 854 744 921 Palatinos
773 857 875 921 secuti
899 867 989 935 sunt:
1021 857 1241 927 discesserunt
1267 858 1387 928 iniuria

165 965 203 1021 ut
225 956 341 1042 opinor
362 953 403 1020 ab
426 954 479 1021 iis:

209 1059 293 1123 Pers.
316 1059 381 1125 400

250 1160 293 1224 P:
317 1159 481 1247 Quidnam
504 1182 573 1226 esse
596 1171 744 1227 acturum
766 1162 873 1228 dicam
895 1163 983 1230 huno
1004 1164 1151 1230 vicinum
1172 1186 1280 1233 meum

250 1264 299 1328 A:
323 1263 488 1349 Quidnam
510 1285 580 1328 esse
602 1273 750 1331 acturum
774 1264 879 1331 dicam
903 1265 989 1332 huno
1012 1268 1154 1335 vicinum
1179 1290 1295 1345 meum,

165 1366 251 1451 quod
274 1366 472 1434 Ritsohelius
494 1370 625 1454 recapit.

209 1471 278 1535 Mil.
300 1471 376 1557 qlor.
398 1470 442 1536 40

251 1573 295 1642 P:
318 1572 457 1638 Novisse
480 1594 584 1638 mores
608 1595 660 1638 me
682 1583 753 1638 tuos
774 1572 926 1638 meditate
949 1573 1043 1639 decet

250 1677 295 1740 A:
316 1675 456 1742 Novisse
477 1697 583 1741 mores
606 1685 678 1740 tuos
700 1697 752 1740 me
774 1675 926 1741 meditate
947 1675 1051 1743 decet.

166 1801 239 1845 eum
262 1781 292 1843 A
315 1801 425 1843 omnes
448 1778 595 1843 editores.

207 1883 319 1945 Pseud.
344 1881 428 1946 1234
448 1880 495 1946 P:
518 1879 595 1946 dum
617 1879 680 1946 hae
703 1880 835 1947 domum
857 1880 988 1947 redeam
1011 1883 1074 1952 via.

164 1985 198 2048 in
220 1985 254 2049 A
277 2007 351 2049 eum
378 1984 412 2048 in
434 1984 496 2048 fine
523 2006 635 2050 versus
658 1993 747 2048 extet
768 1981 798 2061 ὕ,
827 1981 978 2051 Loewius
999 1985 1107 2072 (Anat.
1130 1986 1234 2050 Pau:
1257 2011 1289 2076 p.
1312 1990 1386 2077 172)

164 2108 322 2173 apparere
351 2085 432 2152 dioit
456 2085 663 2152 scribendum
693 2107 763 2150 esse
791 2084 880 2163 ‚dum
910 2085 972 2151 hae
999 2086 1052 2151 via
1080 2085 1210 2152 redeam
1234 2089 1386 2159 domum‘.

164 2211 225 2277 ego
257 2200 389 2275 propter
421 2187 616 2273 exquisitam
649 2188 821 2255 verborum
855 2187 1097 2255 collocationem
1131 2189 1267 2256 fidenter
1295 2191 1386 2258 Pala·

164 2294 249 2359 tinos
273 2291 384 2380 probo.

207 2397 288 2462 Mea.
311 2394 374 2460 246
394 2392 438 2460 P:
461 2415 559 2479 quam
582 2392 672 2458 oordi
694 2393 736 2458 sit
757 2413 851 2461 nurus
873 2415 944 2459 meo

390 2499 438 2563 A:
461 2518 559 2582 quam
582 2516 676 2562 eorus
699 2496 741 2562 sit
762 2495 851 2562 cordi
872 2518 954 2578 meo,

163 2601 220 2667 ubi
242 2601 396 2678 editores,
425 2602 574 2686 quamvis
605 2622 704 2667 eausa
731 2599 876 2667 mutandi
907 2612 1019 2685 aperta
1041 2601 1096 2678 sit,
1130 2599 1384 2669 Ambrosianum
1442 2675 1446 2682 ,

164 2705 255 2789 sequi
296 2704 496 2790 maluerunt:
539 2713 684 2770 ceterum
724 2703 764 2771 of.
800 2702 898 2788 Epio.
936 2702 995 2769 133
1038 2701 1136 2787 ,Quia
1173 2725 1244 2769 meo
1281 2726 1386 2792 neque

163 2819 270 2873 earast
291 2807 401 2873 cordi‘.

207 2913 300 2975 Mare.
323 2911 386 2976 303

249 3014 294 3078 P:
316 3012 425 3078 Hodie
448 3013 494 3078 irs
516 3012 550 3076 in
572 3011 684 3078 ludum
706 3010 819 3099 oeoepi
839 3009 1030 3077 litterarium

249 3119 295 3182 A:
319 3116 429 3182 Hodie
453 3114 518 3181 eire
541 3114 652 3201 ooeepi
673 3113 715 3179 in.
729 3112 842 3182 ludum
863 3111 1064 3192 litterarium,

165 3221 258 3287 ouius
281 3218 475 3305 scripturam
498 3217 653 3286 Goetzius
675 3216 806 3303 recepit.

211 3323 297 3387 Tros.
319 3321 383 3389 308

167 3422 169 3426 ’
249 3424 293 3510 P:
318 3424 360 3490 Ni
383 3444 443 3511 ego
467 3431 576 3486 vostra
599 3442 654 3486 ero
676 3411 790 3484 maiori
811 3421 898 3485 faeta
920 3419 1136 3486 denarravero

249 3528 298 3593 A:
321 3525 367 3592 Ni
390 3547 450 3614 ego
473 3546 528 3590 ero
549 3522 664 3588 maiori
685 3530 796 3586 vostra
818 3521 905 3586 faeta
928 3521 1152 3590 denarrarem.

165 3630 346 3698 Schoellius
369 3627 578 3694 Ambrosiani
600 3647 730 3691 versum
752 3622 862 3692 edidit.

213 3734 306 3798 Stieis
331 3732 392 3797 133
415 3732 456 3796 P:
478 3730 594 3796 Pldoet
615 3729 669 3796 ille
692 3749 782 3793 meus
804 3726 885 3791 mihi
906 3726 1073 3794 mendicus

405 3832 453 3901 A:
474 3832 588 3899 Pldoet
608 3830 663 3897 ille
685 3828 765 3895 mihi
786 3829 877 3896 mdus
899 3830 1075 3898 mendicus.

207 3940 299 4003 Pota.
325 3935 408 4001 1228

248 4041 290 4106 P:
314 4038 411 4104 Nune
444 4037 498 4126 pol
533 4058 594 4125 ego
626 4048 657 4103 te
689 4036 828 4103 ulciscar
860 4035 976 4124 probe,
1009 4059 1086 4103 nam
1112 4036 1191 4102 faxo
1220 4057 1292 4101 mea
1323 4037 1386 4103 eris

1083 4158 1202 4225 sponsa

249 4242 298 4312 A:
320 4245 418 4312 Nunc
448 4244 509 4331 dgo
535 4243 591 4329 pol
619 4252 652 4310 ts
678 4242 817 4310 ulciscar
850 4239 963 4328 probe,
1002 4262 1077 4306 nam
1109 4239 1188 4304 faxo
1220 4239 1284 4305 eris
1316 4262 1388 4305 mea

1081 4364 1209 4430 sponsa.

165 4449 354 4536 Geppertus
369 4448 621 4514 Ambrosianum
644 4457 773 4515 secutus
796 4457 853 4525 est,
877 4444 1033 4513 (ioetzius
1056 4467 1110 4530 eqo
1125 4445 1183 4533 pol
1195 4453 1227 4511 at
1242 4465 1309 4511 mea
1330 4446 1388 4510 eris

167 4553 266 4619 edens
290 4574 418 4619 versum
441 4552 524 4619 falso
547 4550 727 4641 composuit
747 4571 789 4619 ex
810 4548 978 4643 utriusque
1000 4548 1196 4618 recensionis
1218 4548 1387 4641 scriptura.
