3120 5138
677 330 879 431 Q

167 535 286 602 Plauto
308 535 444 620 profecti
466 534 595 613 fuerint,
625 537 843 624 quodpropter
872 536 1021 622 religioni
1051 535 1096 598 ita
1124 535 1383 601 satisfaciendum

168 660 237 703 esse
259 637 400 723 putavit,
428 648 465 702 ut
487 648 640 722 utrosque
663 639 836 711 memoriae
860 639 1009 705 traderet.
1035 638 1127 703 euius
1158 639 1205 702 rei
1230 639 1387 724 permulta

168 740 319 825 exempla
346 741 515 805 Peccatum
543 741 690 826 inprimis
718 741 915 828 perlustrans
944 740 1099 806 invenies.
1109 742 1134 825 1)
1186 739 1386 825 eandemque

166 844 324 909 rationem
357 842 435 907 alibi
469 866 597 930 quoque
629 857 757 908 secutus
791 853 848 906 est.
900 865 1005 926 neque
1035 843 1139 928 magis
1171 841 1310 908 dubium
1345 852 1388 908 est

167 948 245 1035 quin
260 947 373 1012 eodem
389 945 485 1011 modo
502 968 565 1010 non
589 967 698 1009 omues
714 967 792 1010 saue
815 944 872 1008 sed
894 967 1014 1029 magna
1028 968 1104 1032 pers
1120 967 1280 1010 versuum
1297 945 1387 1010 inter·

166 1050 348 1138 palatorum
372 1049 585 1136 archetypum
608 1048 771 1113 invaserit.
807 1046 840 1111 in
864 1047 1000 1132 singulis
1016 1046 1163 1114 versibus
1181 1049 1387 1134 maximeque

166 1154 199 1217 in
227 1152 364 1238 singulis
395 1150 517 1228 verbis,
553 1150 669 1235 quibus
704 1173 724 1213 a
752 1172 810 1214 suo
839 1149 1016 1237 exemplari
1044 1151 1181 1215 alterum
1208 1148 1387 1226 differebat,

167 1254 324 1320 iudicium
348 1254 395 1318 illi
417 1254 589 1318 correctori
611 1252 794 1338 expeditius
822 1252 921 1316 fuisse
950 1265 1199 1317 consentaneum
1227 1263 1294 1330 eet3
1328 1274 1388 1316 non

167 1357 268 1443 igitur
291 1367 461 1440 utramque
484 1356 679 1443 scripturam
706 1353 827 1440 ubique
857 1353 994 1441 recepit,
1027 1354 1061 1419 id
1090 1354 1176 1438 quod
1207 1376 1235 1419 e.
1259 1378 1291 1441 g.
1316 1355 1390 1419 fecit

168 1459 261 1528 Stich.
288 1460 360 1538 158,
390 1459 446 1523 sed
469 1457 569 1523 libero
599 1458 789 1544 plerumque
820 1456 952 1522 arbitrio
979 1457 1115 1522 alteram
1138 1456 1237 1543 elegit
1265 1480 1305 1522 ac
1334 1479 1389 1543 pro

166 1562 318 1628 Plautina
353 1567 418 1626 iam
449 1561 645 1638 venditavit3
680 1581 745 1644 quo
779 1581 852 1624 cum
880 1562 1001 1625 factum
1032 1560 1073 1624 sit
1112 1570 1148 1624 ut
1182 1560 1390 1625 correctionis

167 1679 253 1731 certe
275 1665 414 1753 plurima
430 1664 579 1750 exempla
601 1663 751 1749 detegere
767 1663 896 1726 omnino
918 1684 982 1726 non
998 1662 1168 1748 possimus,
1192 1672 1305 1726 tamen
1328 1685 1389 1726 non

166 1768 283 1834 desunt
306 1766 467 1854 quaedam
490 1765 637 1851 vestigia.
681 1765 772 1831 velut
793 1765 827 1828 in
849 1766 961 1829 Pseud.
984 1765 1057 1831 954.
1079 1765 1143 1832 955
1165 1766 1199 1829 in
1222 1765 1248 1828 P
1271 1774 1336 1829 est:

277 1943 280 1947 ⁴
1091 1867 1168 1932 illue
1190 1867 1235 1933 sis
1257 1867 1349 1933 vide:

254 1972 330 2038 Non
345 1993 477 2058 prorsus
486 1973 526 2057 ²),
550 1993 662 2036 verum
679 1991 718 2034 ex
740 1979 925 2034 transverso
948 1968 1043 2047 cedit,
1068 1969 1160 2056 quasi
1177 1991 1294 2034 cancer
1309 1967 1390 2035 solet

165 2076 320 2162 idemque
342 2074 375 2138 in
397 2076 431 2138 A
452 2075 552 2141 fuisse
580 2071 772 2138 concludere
794 2071 869 2135 licet
893 2094 933 2134 ex
959 2071 1008 2135 his
1038 2073 1106 2139 eius
1130 2071 1274 2156 reliquiis
1303 2070 1391 2150 ,Non

167 2200 298 2265 prorsus
323 2200 344 2240 v
360 2225 495 2242 .....
499 2187 517 2244 ‘.
562 2177 618 2263 qui
633 2197 757 2253 versus,
774 2196 847 2239 eum
869 2195 928 2259 per
950 2196 984 2238 se
1008 2197 1047 2238 ue
1070 2175 1236 2240 minimam
1258 2174 1392 2262 quidem

170 2281 385 2369 suspicionem
412 2280 541 2356 iniciat,
576 2279 678 2343 nihilo
713 2278 817 2343 minus
856 2276 1099 2361 posthabendus
1132 2286 1180 2341 est
1214 2276 1258 2354 ei,
1292 2298 1393 2360 quem

170 2380 303 2468 praebet
327 2379 422 2444 valde
446 2380 688 2468 discrepantem
709 2380 815 2448 Varro
839 2381 875 2443 de
897 2382 916 2445 l.
941 2381 960 2443 l.
984 2380 1134 2448 V1181:

253 2481 299 2548 Ut
322 2491 553 2559 transversum,
577 2504 640 2546 non
664 2504 836 2567 proversus
860 2482 956 2559 cedit,
980 2482 1073 2568 quasi
1097 2503 1213 2546 cancer
1236 2480 1329 2547 solet.

166 2608 205 2650 ea
233 2585 319 2650 enim
352 2594 514 2650 structura
554 2587 693 2649 sermoni
727 2585 878 2651 Plautino
913 2585 1078 2663 convenit3
1113 2587 1153 2653 ef.
1177 2586 1249 2650 Aet.
1272 2585 1316 2652 46
1341 2608 1390 2670 sq.

165 2688 252 2765 ,illuc
280 2688 323 2751 sis
359 2687 447 2765 vide,
483 2699 518 2751 ut
540 2687 683 2754 incedit‘.
738 2689 807 2752 Mil.
835 2690 911 2774 plor.
943 2688 1007 2753 200
1036 2711 1082 2774 sq.
1117 2688 1204 2766 ,illuc
1232 2687 1276 2752 sis
1303 2687 1393 2765 vide,

165 2789 438 2874 quemadmodum
467 2789 579 2853 astitit‘
609 2811 635 2857 e.
666 2813 695 2874 q.
724 2813 747 2856 s.
793 2789 886 2854 Stich.
914 2791 977 2855 270
1005 2812 1052 2873 sq.
1082 2790 1154 2871 ,hoc
1182 2789 1274 2867 vide,
1311 2790 1394 2854 satis

166 2909 201 2957 ut
232 2894 334 2956 facete
358 2939 366 2954 .
390 2939 397 2954 .
423 2940 430 2954 .
459 2892 582 2956 astitit‘.
631 2892 740 2975 itaque
769 2893 907 2957 similem
941 2893 1192 2978 discrepantiam
1220 2891 1392 2970 habemus,

165 3008 261 3082 atque
284 2994 367 3058 inter
382 2994 416 3058 A
438 2994 510 3057 etP
534 3004 624 3059 extat
651 2994 761 3060 Pseud.
789 2995 858 3074 156,
882 2996 935 3060 ubi
965 2995 1037 3073 ,hoc
1058 2996 1132 3059 vide
1155 2996 1212 3077 sis,
1245 3006 1279 3058 ut
1308 2994 1392 3059 alias

165 3119 217 3160 res
245 3105 359 3181 agunt‘
384 3095 423 3171 P,
452 3095 523 3173 ,hoc
555 3096 679 3159 videas:
707 3096 787 3161 alias
816 3120 866 3162 res
889 3108 998 3183 agunt‘
1029 3099 1063 3161 A
1084 3096 1280 3184 exhibent.³)
1331 3098 1391 3163 sed

167 3220 205 3262 ea
228 3199 377 3274 mutatio,
411 3220 509 3281 quam
536 3198 569 3261 in
593 3199 758 3264 codicibus
786 3222 814 3265 v.
845 3199 906 3263 955
940 3198 1136 3276 invenimus,
1170 3188 1286 3280 ecquid
1320 3196 1391 3261 red·

167 3301 231 3364 olet
264 3299 513 3384 grammaticum
544 3323 584 3364 an
613 3323 675 3365 non
699 3302 805 3386 potius
821 3300 1017 3382 histrionem,
1043 3300 1095 3365 eui
1118 3322 1176 3364 sua
1199 3297 1299 3364 verba
1322 3311 1391 3364 tam

168 3403 321 3468 audacter
344 3424 442 3485 quam
464 3403 542 3467 scite
566 3404 698 3467 inventa
721 3403 836 3470 melius
852 3404 990 3489 placent,
1015 3425 1113 3485 quam
1137 3401 1275 3487 poetae?
1298 3423 1392 3487 prae-

168 3504 278 3568 sertim
303 3525 375 3567 euru
400 3526 437 3568 ea
461 3504 568 3582 dictio,
593 3528 689 3589 quam
714 3506 841 3571 codices
865 3503 1030 3591 praebent,
1053 3528 1073 3570 a
1096 3526 1242 3568 sermone
1265 3505 1392 3570 comico

167 3628 230 3669 non
247 3618 313 3669 tam
330 3605 436 3670 aliena
452 3606 503 3682 sit,
528 3630 626 3691 quam
641 3607 771 3672 Loewio
794 3608 902 3693 (Anat.
920 3608 1026 3671 Ploct.
1050 3632 1081 3694 p.
1100 3608 1175 3690 163)
1202 3606 1307 3671 visum
1323 3617 1391 3692 est3

168 3710 206 3774 ef.
230 3709 343 3772 Bacch.
368 3707 427 3773 13t
464 3708 550 3785 ‚illuc
585 3709 628 3773 sis
657 3709 744 3774 vide:
778 3731 842 3773 non
875 3710 1103 3796 paedagogum
1136 3710 1201 3774 iam
1231 3732 1298 3787 me,
1333 3710 1392 3775 sed

255 3911 275 3977 ¹)
292 3909 349 3964 Hic
374 3927 431 3964 non
456 3912 597 3966 omiserim
628 3912 726 3967 afferre
752 3914 855 3980 locum,
881 3914 911 3967 in
934 3930 1016 3981 quem
1038 3915 1176 3986 Bergkius
1202 3916 1394 3986 Goetziusque

168 3993 264 4048 oeulos
277 3999 476 4049 converterunt
494 3997 651 4067 legiturque
668 3998 698 4050 in
716 4000 805 4052 anecd.
815 3999 942 4053 Parisino
959 4000 1001 4067 (in
1017 4000 1241 4055 Reifferscheidii
1252 4000 1392 4056 Suetonio

167 4096 195 4148 p.
212 4079 258 4133 137
273 4079 355 4147 sqq.):
385 4080 544 4150 ,antisigma
565 4099 628 4136 eum
648 4086 754 4152 puncto
774 4083 940 4151 ponebatur,
959 4101 1021 4138 cum
1034 4085 1157 4138 eiusdem
1175 4102 1272 4139 sensus
1290 4102 1391 4141 versus

167 4161 291 4232 duplices
303 4167 395 4217 essent
412 4168 441 4218 et
452 4165 629 4220 dubitaretur
641 4168 688 4236 qui
700 4167 794 4236 potius
811 4167 936 4237 legendi3
949 4169 989 4223 sic
1008 4173 1036 4223 et
1050 4171 1125 4239 apud
1145 4174 1274 4224 nostros!

254 4263 277 4332 ²)
295 4263 337 4318 ot.
355 4264 469 4319 Brixius
487 4266 522 4319 ad
541 4268 602 4322 Mil.
618 4269 686 4338 plor.
708 4269 778 4323 1193.

252 4363 275 4432 ³)
291 4363 389 4432 Neque
405 4369 499 4419 tamen
516 4367 562 4421 hie
581 4385 678 4423 versus
696 4370 726 4422 in
742 4370 797 4424 hoc
821 4373 906 4438 eaput
923 4372 1101 4442 reeipiendus
1126 4373 1188 4440 fuit,
1212 4376 1279 4444 quia
1297 4377 1393 4444 ipsum

166 4448 348 4503 Ambrosiani
366 4455 552 4505 correctorem
564 4455 723 4523 corruptela
734 4454 879 4524 archetypi
898 4460 939 4522 ,at
957 4457 1021 4511 vide
1033 4457 1079 4520 ais,
1098 4462 1145 4522 ut‘,
1164 4476 1247 4526 quam
1261 4459 1285 4513 P
1298 4459 1391 4516 adhuc

169 4532 326 4600 ostendunt,
345 4532 380 4587 ad
397 4534 581 4591 mutationem
599 4541 770 4593 commotum
787 4555 848 4594 esse
867 4539 1119 4597 demonstravimus
1136 4561 1164 4614 p.
1182 4545 1223 4600 24.
