<?xml version="1.0" encoding="UTF-8"?>
<!DOCTYPE html PUBLIC "-//W3C//DTD XHTML 1.0 Transitional//EN"
    "http://www.w3.org/TR/xhtml1/DTD/xhtml1-transitional.dtd">
<html xmlns="http://www.w3.org/1999/xhtml" xml:lang="en" lang="en">
 <head>
  <title>
</title>
<meta http-equiv="Content-Type" content="text/html;charset=utf-8" />
  <meta name='ocr-system' content='tesseract 3.04.00' />
  <meta name='ocr-capabilities' content='ocr_page ocr_carea ocr_par ocr_line ocrx_word'/>
</head>
<body>
  <div class='ocr_page' id='page_1' title='image "./deplautifabular00baiegoog_0076.png"; bbox 0 0 3120 5138; ppageno 0'>
   <div class='ocr_carea' id='block_1_1' title="bbox 655 280 697 349">
    <p class='ocr_par' dir='ltr' id='par_1_1' title="bbox 655 280 697 349">
     <span class='ocr_line' id='line_1_1' title="bbox 655 280 697 349; baseline 0.024 -1"><span class='ocrx_word' id='word_1_1' title='bbox 655 280 697 349; x_wconf 82' lang='lat'>65</span> 
     </span>
    </p>
   </div>
   <div class='ocr_carea' id='block_1_2' title="bbox 59 485 1298 4068">
    <p class='ocr_par' dir='ltr' id='par_1_2' title="bbox 59 485 1296 2113">
     <span class='ocr_line' id='line_1_2' title="bbox 59 485 1292 577; baseline 0.002 -25"><span class='ocrx_word' id='word_1_2' title='bbox 59 486 217 574; x_wconf 90' lang='lat' dir='ltr'>probare,</span> <span class='ocrx_word' id='word_1_3' title='bbox 251 509 326 552; x_wconf 90' lang='lat' dir='ltr'>cum</span> <span class='ocrx_word' id='word_1_4' title='bbox 353 489 448 553; x_wconf 93' lang='lat' dir='ltr'>unico</span> <span class='ocrx_word' id='word_1_5' title='bbox 478 489 574 554; x_wconf 91' lang='lat' dir='ltr'>huius</span> <span class='ocrx_word' id='word_1_6' title='bbox 603 491 816 577; x_wconf 78' lang='lat' dir='ltr'>correptionis</span> <span class='ocrx_word' id='word_1_7' title='bbox 845 489 993 574; x_wconf 89' lang='lat' dir='ltr'>exemplo</span> <span class='ocrx_word' id='word_1_8' title='bbox 1024 488 1126 554; x_wconf 87' lang='lat' dir='ltr'>altera</span> <span class='ocrx_word' id='word_1_9' title='bbox 1147 485 1292 554; x_wconf 77' lang='lat' dir='ltr'><strong>recensio</strong></span> 
     </span>
     <span class='ocr_line' id='line_1_3' title="bbox 59 590 1292 680; baseline -0.001 -24"><span class='ocrx_word' id='word_1_10' title='bbox 59 590 176 656; x_wconf 82' lang='lat' dir='ltr'><strong>obstet.</strong></span> <span class='ocrx_word' id='word_1_11' title='bbox 235 592 354 655; x_wconf 84' lang='lat' dir='ltr'>dixerit</span> <span class='ocrx_word' id='word_1_12' title='bbox 386 592 547 680; x_wconf 81' lang='lat' dir='ltr'>quispiam</span> <span class='ocrx_word' id='word_1_13' title='bbox 575 593 608 656; x_wconf 93' lang='lat' dir='ltr'>in</span> <span class='ocrx_word' id='word_1_14' title='bbox 644 595 672 657; x_wconf 86' lang='lat' dir='ltr'>A</span> <span class='ocrx_word' id='word_1_15' title='bbox 708 591 906 679; x_wconf 85' lang='lat' dir='ltr'>deprehendi</span> <span class='ocrx_word' id='word_1_16' title='bbox 934 592 1201 677; x_wconf 88' lang='lat' dir='ltr'>grammaticum,</span> <span class='ocrx_word' id='word_1_17' title='bbox 1236 592 1292 679; x_wconf 93' lang='lat' dir='ltr'>qui</span> 
     </span>
     <span class='ocr_line' id='line_1_4' title="bbox 60 693 1292 760; baseline 0.001 -2"><span class='ocrx_word' id='word_1_18' title='bbox 60 704 201 758; x_wconf 91' lang='lat' dir='ltr'>metrum</span> <span class='ocrx_word' id='word_1_19' title='bbox 240 694 372 758; x_wconf 89' lang='lat' dir='ltr'>minime</span> <span class='ocrx_word' id='word_1_20' title='bbox 406 716 522 758; x_wconf 90' lang='lat' dir='ltr'>curans</span> <span class='ocrx_word' id='word_1_21' title='bbox 556 696 656 760; x_wconf 90' lang='lat' dir='ltr'>futuri</span> <span class='ocrx_word' id='word_1_22' title='bbox 688 697 826 759; x_wconf 86' lang='lat' dir='ltr'>formam</span> <span class='ocrx_word' id='word_1_23' title='bbox 865 693 1042 759; x_wconf 90' lang='lat' dir='ltr'>secundum</span> <span class='ocrx_word' id='word_1_24' title='bbox 1071 716 1200 759; x_wconf 88' lang='lat' dir='ltr'>versum</span> <span class='ocrx_word' id='word_1_25' title='bbox 1230 693 1292 759; x_wconf 86' lang='grc'>377</span> 
     </span>
     <span class='ocr_line' id='line_1_5' title="bbox 61 795 1292 882; baseline 0.002 -22"><span class='ocrx_word' id='word_1_26' title='bbox 61 795 240 873; x_wconf 89' lang='lat' dir='ltr'>‚accubabo</span> <span class='ocrx_word' id='word_1_27' title='bbox 261 796 361 882; x_wconf 88' lang='lat' dir='ltr'>regie‘</span> <span class='ocrx_word' id='word_1_28' title='bbox 383 797 564 882; x_wconf 82' lang='lat' dir='ltr'>reduxerit3</span> <span class='ocrx_word' id='word_1_29' title='bbox 597 799 652 862; x_wconf 90' lang='lat' dir='ltr'>sed</span> <span class='ocrx_word' id='word_1_30' title='bbox 676 799 709 862; x_wconf 92' lang='lat' dir='ltr'>ni</span> <span class='ocrx_word' id='word_1_31' title='bbox 732 797 840 862; x_wconf 91' lang='lat' dir='ltr'>omnia</span> <span class='ocrx_word' id='word_1_32' title='bbox 861 796 993 873; x_wconf 85' lang='lat' dir='ltr'>fallunt,</span> <span class='ocrx_word' id='word_1_33' title='bbox 1027 796 1061 861; x_wconf 92' lang='lat' dir='ltr'>in</span> <span class='ocrx_word' id='word_1_34' title='bbox 1084 795 1292 862; x_wconf 89' lang='lat' dir='ltr'>Ambrosiani</span> 
     </span>
     <span class='ocr_line' id='line_1_6' title="bbox 60 900 1293 987; baseline 0.001 -24"><span class='ocrx_word' id='word_1_35' title='bbox 60 900 224 984; x_wconf 91' lang='lat' dir='ltr'>scriptura</span> <span class='ocrx_word' id='word_1_36' title='bbox 257 900 335 964; x_wconf 88' lang='lat' dir='ltr'>latet</span> <span class='ocrx_word' id='word_1_37' title='bbox 375 900 496 987; x_wconf 86' lang='lat' dir='ltr'>duplex</span> <span class='ocrx_word' id='word_1_38' title='bbox 530 901 690 986; x_wconf 87' lang='lat' dir='ltr'>scriptura</span> <span class='ocrx_word' id='word_1_39' title='bbox 724 902 867 965; x_wconf 75' lang='lat' dir='ltr'>incubant</span> <span class='ocrx_word' id='word_1_40' title='bbox 896 912 927 963; x_wconf 89' lang='lat' dir='ltr'>et</span> <span class='ocrx_word' id='word_1_41' title='bbox 955 900 1112 974; x_wconf 78' lang='lat' dir='ltr'>incubarat,</span> <span class='ocrx_word' id='word_1_42' title='bbox 1154 921 1293 983; x_wconf 91' lang='lat' dir='ltr'>quarum</span> 
     </span>
     <span class='ocr_line' id='line_1_7' title="bbox 61 1001 1292 1091; baseline 0.002 -25"><span class='ocrx_word' id='word_1_43' title='bbox 61 1001 165 1066; x_wconf 88' lang='lat' dir='ltr'>altera</span> <span class='ocrx_word' id='word_1_44' title='bbox 187 1002 301 1067; x_wconf 91' lang='lat' dir='ltr'>vitium</span> <span class='ocrx_word' id='word_1_45' title='bbox 324 1002 409 1080; x_wconf 92' lang='lat' dir='ltr'>eius,</span> <span class='ocrx_word' id='word_1_46' title='bbox 444 1003 499 1087; x_wconf 94' lang='lat' dir='ltr'>qui</span> <span class='ocrx_word' id='word_1_47' title='bbox 527 1003 742 1091; x_wconf 86' lang='lat' dir='ltr'>archetypum</span> <span class='ocrx_word' id='word_1_48' title='bbox 772 1003 937 1080; x_wconf 87' lang='lat' dir='ltr'>exaravit,</span> <span class='ocrx_word' id='word_1_49' title='bbox 971 1002 1072 1066; x_wconf 88' lang='lat' dir='ltr'>altera</span> <span class='ocrx_word' id='word_1_50' title='bbox 1103 1004 1292 1068; x_wconf 88' lang='lat' dir='ltr'>correctoris</span> 
     </span>
     <span class='ocr_line' id='line_1_8' title="bbox 62 1105 1294 1173; baseline 0.001 -4"><span class='ocrx_word' id='word_1_51' title='bbox 62 1105 246 1170; x_wconf 83' lang='lat' dir='ltr'>emendatio</span> <span class='ocrx_word' id='word_1_52' title='bbox 287 1105 414 1170; x_wconf 92' lang='lat' dir='ltr'>videtur</span> <span class='ocrx_word' id='word_1_53' title='bbox 448 1128 527 1171; x_wconf 88' lang='lat' dir='ltr'>esse.</span> <span class='ocrx_word' id='word_1_54' title='bbox 579 1107 657 1171; x_wconf 90' lang='lat' dir='ltr'>talia</span> <span class='ocrx_word' id='word_1_55' title='bbox 694 1119 800 1172; x_wconf 86' lang='lat' dir='ltr'>autem</span> <span class='ocrx_word' id='word_1_56' title='bbox 830 1106 992 1173; x_wconf 88' lang='lat' dir='ltr'>coniciens</span> <span class='ocrx_word' id='word_1_57' title='bbox 1032 1128 1073 1170; x_wconf 94' lang='lat' dir='ltr'>ne</span> <span class='ocrx_word' id='word_1_58' title='bbox 1107 1105 1294 1171; x_wconf 89' lang='lat' dir='ltr'>temeritatis</span> 
     </span>
     <span class='ocr_line' id='line_1_9' title="bbox 61 1207 1295 1297; baseline 0.001 -27"><span class='ocrx_word' id='word_1_59' title='bbox 61 1207 203 1286; x_wconf 80' lang='lat' dir='ltr'>incuset,</span> <span class='ocrx_word' id='word_1_60' title='bbox 226 1208 284 1273; x_wconf 93' lang='lat' dir='ltr'>hos</span> <span class='ocrx_word' id='word_1_61' title='bbox 308 1207 394 1272; x_wconf 90' lang='lat' dir='ltr'>locos</span> <span class='ocrx_word' id='word_1_62' title='bbox 423 1208 520 1273; x_wconf 85' lang='lat' dir='ltr'>velim</span> <span class='ocrx_word' id='word_1_63' title='bbox 544 1210 714 1294; x_wconf 87' lang='lat' dir='ltr'>inspicias:</span> <span class='ocrx_word' id='word_1_64' title='bbox 738 1211 834 1297; x_wconf 65' lang='lat' dir='ltr'>apid.</span> <span class='ocrx_word' id='word_1_65' title='bbox 851 1211 915 1274; x_wconf 81' lang='lat'>614</span> <span class='ocrx_word' id='word_1_66' title='bbox 944 1209 992 1273; x_wconf 89' lang='lat' dir='ltr'>A:</span> <span class='ocrx_word' id='word_1_67' title='bbox 1017 1210 1093 1294; x_wconf 80' lang='lat' dir='ltr'>qaid</span> <span class='ocrx_word' id='word_1_68' title='bbox 1115 1210 1206 1294; x_wconf 71' lang='lat' dir='ltr'>cyitis</span> <span class='ocrx_word' id='word_1_69' title='bbox 1226 1230 1295 1273; x_wconf 84' lang='lat' dir='ltr'>mea</span> 
     </span>
     <span class='ocr_line' id='line_1_10' title="bbox 62 1309 1294 1397; baseline 0.002 -24"><span class='ocrx_word' id='word_1_70' title='bbox 62 1309 284 1374; x_wconf 76' lang='lat' dir='ltr'>commoditas?</span> <span class='ocrx_word' id='word_1_71' title='bbox 316 1311 336 1374; x_wconf 93' lang='lat' dir='ltr'>i.</span> <span class='ocrx_word' id='word_1_72' title='bbox 365 1313 491 1396; x_wconf 77' lang='lat' dir='ltr'>equid</span> <span class='ocrx_word' id='word_1_73' title='bbox 524 1314 590 1396; x_wconf 79' lang='lat' dir='ltr'>apia</span> <span class='ocrx_word' id='word_1_74' title='bbox 624 1321 655 1376; x_wconf 91' lang='lat' dir='ltr'>et</span> <span class='ocrx_word' id='word_1_75' title='bbox 683 1314 759 1397; x_wconf 80' lang='lat' dir='ltr'>quid</span> <span class='ocrx_word' id='word_1_76' title='bbox 792 1315 866 1397; x_wconf 80' lang='lat' dir='ltr'>opit.</span> <span class='ocrx_word' id='word_1_77' title='bbox 916 1311 997 1375; x_wconf 69' lang='lat' dir='ltr'>Trita</span> <span class='ocrx_word' id='word_1_78' title='bbox 1021 1310 1063 1374; x_wconf 88' lang='lat'>50</span> <span class='ocrx_word' id='word_1_79' title='bbox 1092 1311 1144 1374; x_wconf 89' lang='lat' dir='ltr'>A:</span> <span class='ocrx_word' id='word_1_80' title='bbox 1178 1312 1294 1375; x_wconf 69' lang='lat' dir='ltr'>causae</span> 
     </span>
     <span class='ocr_line' id='line_1_11' title="bbox 62 1399 1293 1500; baseline 0.001 -22"><span class='ocrx_word' id='word_1_81' title='bbox 62 1399 247 1491; x_wconf 67' lang='lat' dir='ltr'>alleluiatice,</span> <span class='ocrx_word' id='word_1_82' title='bbox 270 1411 317 1477; x_wconf 84' lang='lat' dir='ltr'>B:</span> <span class='ocrx_word' id='word_1_83' title='bbox 349 1414 448 1477; x_wconf 73' lang='lat' dir='ltr'>vatem</span> <span class='ocrx_word' id='word_1_84' title='bbox 476 1415 618 1489; x_wconf 70' lang='lat' dir='ltr'>caluisti,</span> <span class='ocrx_word' id='word_1_85' title='bbox 653 1413 714 1479; x_wconf 86' lang='lat' dir='ltr'>OD</span> <span class='ocrx_word' id='word_1_86' title='bbox 735 1416 821 1479; x_wconf 80' lang='lat' dir='ltr'>valea</span> <span class='ocrx_word' id='word_1_87' title='bbox 844 1415 976 1481; x_wconf 78' lang='lat' dir='ltr'>caluisti.</span> <span class='ocrx_word' id='word_1_88' title='bbox 1035 1413 1077 1478; x_wconf 89' lang='lat' dir='ltr'>ad</span> <span class='ocrx_word' id='word_1_89' title='bbox 1100 1413 1293 1500; x_wconf 87' lang='lat' dir='ltr'>scripturam</span> 
     </span>
     <span class='ocr_line' id='line_1_12' title="bbox 62 1515 1295 1601; baseline 0 -20"><span class='ocrx_word' id='word_1_90' title='bbox 62 1539 143 1582; x_wconf 84' lang='lat' dir='ltr'>vere</span> <span class='ocrx_word' id='word_1_91' title='bbox 158 1516 342 1581; x_wconf 76' lang='lat' dir='ltr'>Plautinum</span> <span class='ocrx_word' id='word_1_92' title='bbox 361 1516 510 1580; x_wconf 84' lang='lat' dir='ltr'>ducimur</span> <span class='ocrx_word' id='word_1_93' title='bbox 522 1516 632 1581; x_wconf 88' lang='lat' dir='ltr'>codice</span> <span class='ocrx_word' id='word_1_94' title='bbox 645 1516 685 1595; x_wconf 88' lang='grc' dir='ltr'>Β,</span> <span class='ocrx_word' id='word_1_95' title='bbox 709 1539 748 1581; x_wconf 86' lang='lat' dir='ltr'>ex</span> <span class='ocrx_word' id='word_1_96' title='bbox 762 1539 826 1601; x_wconf 93' lang='lat' dir='ltr'>quo</span> <span class='ocrx_word' id='word_1_97' title='bbox 844 1515 993 1581; x_wconf 81' lang='lat' dir='ltr'>Loewius</span> <span class='ocrx_word' id='word_1_98' title='bbox 1011 1525 1098 1580; x_wconf 90' lang='lat' dir='ltr'>recte</span> <span class='ocrx_word' id='word_1_99' title='bbox 1114 1516 1295 1583; x_wconf 84' lang='lat' dir='ltr'>enucleavit</span> 
     </span>
     <span class='ocr_line' id='line_1_13' title="bbox 62 1617 1295 1704; baseline 0.001 -21"><span class='ocrx_word' id='word_1_100' title='bbox 62 1621 152 1684; x_wconf 80' lang='lat' dir='ltr'>valea</span> <span class='ocrx_word' id='word_1_101' title='bbox 168 1617 218 1682; x_wconf 81' lang='lat' dir='ltr'>ta?</span> <span class='ocrx_word' id='word_1_102' title='bbox 240 1617 402 1682; x_wconf 76' lang='lat' dir='ltr'>valuistin?</span> <span class='ocrx_word' id='word_1_103' title='bbox 425 1618 482 1704; x_wconf 84' lang='lat' dir='ltr'>(cf.</span> <span class='ocrx_word' id='word_1_104' title='bbox 498 1620 592 1682; x_wconf 75' lang='lat' dir='ltr'>Auel.</span> <span class='ocrx_word' id='word_1_105' title='bbox 609 1620 713 1682; x_wconf 81' lang='lat' dir='ltr'>Plaat.</span> <span class='ocrx_word' id='word_1_106' title='bbox 729 1640 760 1703; x_wconf 89' lang='lat' dir='ltr'>p.</span> <span class='ocrx_word' id='word_1_107' title='bbox 782 1619 866 1704; x_wconf 90' lang='grc'><strong>141).</strong></span> <span class='ocrx_word' id='word_1_108' title='bbox 903 1619 936 1682; x_wconf 94' lang='lat' dir='ltr'>in</span> <span class='ocrx_word' id='word_1_109' title='bbox 952 1618 995 1694; x_wconf 89' lang='lat' dir='ltr'>A,</span> <span class='ocrx_word' id='word_1_110' title='bbox 1012 1619 1046 1681; x_wconf 91' lang='lat' dir='ltr'>in</span> <span class='ocrx_word' id='word_1_111' title='bbox 1062 1640 1126 1704; x_wconf 92' lang='lat' dir='ltr'>quo</span> <span class='ocrx_word' id='word_1_112' title='bbox 1148 1629 1160 1680; x_wconf 85' lang='lat' dir='ltr'>t</span> <span class='ocrx_word' id='word_1_113' title='bbox 1176 1630 1295 1704; x_wconf 90' lang='lat' dir='ltr'>puncto</span> 
     </span>
     <span class='ocr_line' id='line_1_14' title="bbox 63 1720 1296 1809; baseline -0.002 -21"><span class='ocrx_word' id='word_1_114' title='bbox 63 1745 165 1809; x_wconf 91' lang='lat' dir='ltr'>supra</span> <span class='ocrx_word' id='word_1_115' title='bbox 188 1721 307 1807; x_wconf 87' lang='lat' dir='ltr'>scripto</span> <span class='ocrx_word' id='word_1_116' title='bbox 331 1721 437 1786; x_wconf 87' lang='lat' dir='ltr'>deleta</span> <span class='ocrx_word' id='word_1_117' title='bbox 460 1734 523 1803; x_wconf 89' lang='lat' dir='ltr'>est,</span> <span class='ocrx_word' id='word_1_118' title='bbox 548 1720 669 1808; x_wconf 84' lang='lat' dir='ltr'>duplex</span> <span class='ocrx_word' id='word_1_119' title='bbox 693 1721 853 1806; x_wconf 91' lang='lat' dir='ltr'>scriptura</span> <span class='ocrx_word' id='word_1_120' title='bbox 875 1721 963 1796; x_wconf 87' lang='lat' dir='ltr'>latet,</span> <span class='ocrx_word' id='word_1_121' title='bbox 995 1720 1138 1806; x_wconf 87' lang='lat' dir='ltr'>genuina</span> <span class='ocrx_word' id='word_1_122' title='bbox 1159 1723 1245 1785; x_wconf 78' lang='lat' dir='ltr'>valea</span> <span class='ocrx_word' id='word_1_123' title='bbox 1263 1733 1296 1786; x_wconf 83' lang='lat' dir='ltr'>ta</span> 
     </span>
     <span class='ocr_line' id='line_1_15' title="bbox 63 1823 1292 1911; baseline -0.001 -22"><span class='ocrx_word' id='word_1_124' title='bbox 63 1826 208 1889; x_wconf 73' lang='lat' dir='ltr'>volutatio</span> <span class='ocrx_word' id='word_1_125' title='bbox 230 1833 262 1887; x_wconf 90' lang='lat' dir='ltr'>et</span> <span class='ocrx_word' id='word_1_126' title='bbox 284 1823 409 1888; x_wconf 90' lang='lat' dir='ltr'>novicia</span> <span class='ocrx_word' id='word_1_127' title='bbox 431 1825 547 1887; x_wconf 68' lang='lat' dir='ltr'>valeam</span> <span class='ocrx_word' id='word_1_128' title='bbox 575 1825 740 1888; x_wconf 65' lang='lat' dir='ltr'>caluariae.</span> <span class='ocrx_word' id='word_1_129' title='bbox 785 1825 882 1911; x_wconf 56' lang='lat' dir='ltr'>Md.</span> <span class='ocrx_word' id='word_1_130' title='bbox 905 1823 968 1887; x_wconf 80' lang='lat'>513</span> <span class='ocrx_word' id='word_1_131' title='bbox 1002 1824 1084 1887; x_wconf 87' lang='lat' dir='ltr'>malo</span> <span class='ocrx_word' id='word_1_132' title='bbox 1101 1835 1134 1887; x_wconf 83' lang='lat' dir='ltr'>at</span> <span class='ocrx_word' id='word_1_133' title='bbox 1157 1827 1292 1888; x_wconf 65' lang='lat' dir='ltr'>madata</span> 
     </span>
     <span class='ocr_line' id='line_1_16' title="bbox 63 1925 1295 2013; baseline 0.001 -23"><span class='ocrx_word' id='word_1_134' title='bbox 63 1938 101 1990; x_wconf 81' lang='lat' dir='ltr'>ut</span> <span class='ocrx_word' id='word_1_135' title='bbox 113 1948 221 2012; x_wconf 74' lang='lat' dir='ltr'>percas</span> <span class='ocrx_word' id='word_1_136' title='bbox 235 1925 279 2002; x_wconf 88' lang='lat' dir='ltr'>A,</span> <span class='ocrx_word' id='word_1_137' title='bbox 297 1925 329 1989; x_wconf 91' lang='lat' dir='ltr'>id</span> <span class='ocrx_word' id='word_1_138' title='bbox 346 1937 394 1990; x_wconf 93' lang='lat' dir='ltr'>est</span> <span class='ocrx_word' id='word_1_139' title='bbox 408 1926 490 1989; x_wconf 87' lang='lat' dir='ltr'>malo</span> <span class='ocrx_word' id='word_1_140' title='bbox 504 1937 537 1988; x_wconf 83' lang='lat' dir='ltr'>at</span> <span class='ocrx_word' id='word_1_141' title='bbox 555 1928 690 1989; x_wconf 68' lang='lat' dir='ltr'>mactata</span> <span class='ocrx_word' id='word_1_142' title='bbox 701 1949 818 2013; x_wconf 81' lang='lat' dir='ltr'>pereas,</span> <span class='ocrx_word' id='word_1_143' title='bbox 835 1939 867 1990; x_wconf 91' lang='lat' dir='ltr'>et</span> <span class='ocrx_word' id='word_1_144' title='bbox 882 1928 964 1990; x_wconf 87' lang='lat' dir='ltr'>malo</span> <span class='ocrx_word' id='word_1_145' title='bbox 981 1929 1115 1990; x_wconf 67' lang='lat' dir='ltr'>acuatu</span> <span class='ocrx_word' id='word_1_146' title='bbox 1128 1938 1162 1990; x_wconf 82' lang='lat' dir='ltr'>ut</span> <span class='ocrx_word' id='word_1_147' title='bbox 1171 1949 1295 2013; x_wconf 64' lang='lat' dir='ltr'>paream</span> 
     </span>
     <span class='ocr_line' id='line_1_17' title="bbox 65 2027 726 2113; baseline 0.002 -21"><span class='ocrx_word' id='word_1_148' title='bbox 65 2029 112 2092; x_wconf 83' lang='lat' dir='ltr'>cl.</span> <span class='ocrx_word' id='word_1_149' title='bbox 138 2028 234 2093; x_wconf 89' lang='lat' dir='ltr'>etiam</span> <span class='ocrx_word' id='word_1_150' title='bbox 258 2049 357 2113; x_wconf 87' lang='lat' dir='ltr'>supra</span> <span class='ocrx_word' id='word_1_151' title='bbox 378 2028 490 2091; x_wconf 81' lang='lat' dir='ltr'>Pseud.</span> <span class='ocrx_word' id='word_1_152' title='bbox 512 2027 576 2092; x_wconf 80' lang='lat'>433</span> <span class='ocrx_word' id='word_1_153' title='bbox 600 2039 631 2092; x_wconf 90' lang='lat' dir='ltr'>et</span> <span class='ocrx_word' id='word_1_154' title='bbox 652 2028 726 2093; x_wconf 78' lang='lat'>451.</span> 
     </span>
    </p>

    <p class='ocr_par' dir='ltr' id='par_1_3' title="bbox 156 2129 1094 2220">
     <span class='ocr_line' id='line_1_18' title="bbox 156 2129 1094 2220; baseline 0.004 -26"><span class='ocrx_word' id='word_1_155' title='bbox 156 2130 249 2194; x_wconf 77' lang='lat' dir='ltr'>Stich.</span> <span class='ocrx_word' id='word_1_156' title='bbox 272 2129 336 2195; x_wconf 81' lang='lat'>372</span> <span class='ocrx_word' id='word_1_157' title='bbox 357 2129 403 2194; x_wconf 90' lang='lat' dir='ltr'>P:</span> <span class='ocrx_word' id='word_1_158' title='bbox 426 2129 524 2208; x_wconf 85' lang='lat' dir='ltr'>Hem,</span> <span class='ocrx_word' id='word_1_159' title='bbox 548 2130 649 2214; x_wconf 82' lang='lat' dir='ltr'>quid?</span> <span class='ocrx_word' id='word_1_160' title='bbox 671 2130 891 2220; x_wconf 81' lang='lat' dir='ltr'>Epignomum</span> <span class='ocrx_word' id='word_1_161' title='bbox 915 2131 1094 2198; x_wconf 85' lang='lat' dir='ltr'>elocutu’s‘?</span> 
     </span>
    </p>

    <p class='ocr_par' dir='ltr' id='par_1_4' title="bbox 68 2233 1298 2733">
     <span class='ocr_line' id='line_1_19' title="bbox 360 2233 1122 2322; baseline 0.004 -25"><span class='ocrx_word' id='word_1_162' title='bbox 360 2233 409 2297; x_wconf 77' lang='lat' dir='ltr'>A:</span> <span class='ocrx_word' id='word_1_163' title='bbox 425 2233 521 2313; x_wconf 88' lang='lat' dir='ltr'>Hem,</span> <span class='ocrx_word' id='word_1_164' title='bbox 546 2234 647 2318; x_wconf 83' lang='lat' dir='ltr'>quid?</span> <span class='ocrx_word' id='word_1_165' title='bbox 669 2234 892 2322; x_wconf 75' lang='lat' dir='ltr'>Epignomum</span> <span class='ocrx_word' id='word_1_166' title='bbox 915 2255 950 2298; x_wconf 92' lang='lat' dir='ltr'>es</span> <span class='ocrx_word' id='word_1_167' title='bbox 972 2234 1122 2300; x_wconf 84' lang='lat' dir='ltr'>locutus?</span> 
     </span>
     <span class='ocr_line' id='line_1_20' title="bbox 68 2335 1296 2403; baseline 0.002 -2"><span class='ocrx_word' id='word_1_168' title='bbox 68 2335 277 2401; x_wconf 87' lang='lat' dir='ltr'>Ambrosiani</span> <span class='ocrx_word' id='word_1_169' title='bbox 301 2349 461 2401; x_wconf 87' lang='lat' dir='ltr'>corrector</span> <span class='ocrx_word' id='word_1_170' title='bbox 490 2336 524 2400; x_wconf 94' lang='lat' dir='ltr'>in</span> <span class='ocrx_word' id='word_1_171' title='bbox 548 2336 686 2400; x_wconf 72' lang='lat' dir='ltr'>clouda&#39;a</span> <span class='ocrx_word' id='word_1_172' title='bbox 709 2337 843 2403; x_wconf 91' lang='lat' dir='ltr'>verbum</span> <span class='ocrx_word' id='word_1_173' title='bbox 868 2337 1104 2402; x_wconf 88' lang='lat' dir='ltr'>substantivum</span> <span class='ocrx_word' id='word_1_174' title='bbox 1136 2336 1201 2400; x_wconf 92' lang='lat' dir='ltr'>iam</span> <span class='ocrx_word' id='word_1_175' title='bbox 1223 2358 1296 2403; x_wconf 91' lang='lat' dir='ltr'>con·</span> 
     </span>
     <span class='ocr_line' id='line_1_21' title="bbox 68 2438 1294 2526; baseline 0.001 -22"><span class='ocrx_word' id='word_1_176' title='bbox 68 2440 164 2504; x_wconf 89' lang='lat' dir='ltr'>tineri</span> <span class='ocrx_word' id='word_1_177' title='bbox 187 2462 251 2505; x_wconf 94' lang='lat' dir='ltr'>non</span> <span class='ocrx_word' id='word_1_178' title='bbox 276 2440 379 2526; x_wconf 87' lang='lat' dir='ltr'>magis</span> <span class='ocrx_word' id='word_1_179' title='bbox 402 2439 570 2516; x_wconf 89' lang='lat' dir='ltr'>intellexit,</span> <span class='ocrx_word' id='word_1_180' title='bbox 593 2461 690 2522; x_wconf 90' lang='lat' dir='ltr'>quam</span> <span class='ocrx_word' id='word_1_181' title='bbox 703 2438 926 2506; x_wconf 89' lang='lat' dir='ltr'>Palatinorum</span> <span class='ocrx_word' id='word_1_182' title='bbox 950 2453 1112 2506; x_wconf 89' lang='lat' dir='ltr'>corrector</span> <span class='ocrx_word' id='word_1_183' title='bbox 1127 2441 1216 2504; x_wconf 82' lang='lat' dir='ltr'>Most.</span> <span class='ocrx_word' id='word_1_184' title='bbox 1233 2440 1294 2505; x_wconf 92' lang='grc'>671</span> 
     </span>
     <span class='ocr_line' id='line_1_22' title="bbox 69 2542 1298 2629; baseline 0.002 -24"><span class='ocrx_word' id='word_1_185' title='bbox 69 2542 159 2628; x_wconf 87' lang='lat' dir='ltr'>(vide</span> <span class='ocrx_word' id='word_1_186' title='bbox 191 2543 300 2629; x_wconf 84' lang='lat' dir='ltr'>infra).</span> <span class='ocrx_word' id='word_1_187' title='bbox 357 2563 414 2606; x_wconf 90' lang='lat' dir='ltr'>eur</span> <span class='ocrx_word' id='word_1_188' title='bbox 449 2565 524 2606; x_wconf 89' lang='lat' dir='ltr'>vero</span> <span class='ocrx_word' id='word_1_189' title='bbox 557 2563 631 2606; x_wconf 90' lang='lat' dir='ltr'>cum</span> <span class='ocrx_word' id='word_1_190' title='bbox 665 2543 690 2607; x_wconf 90' lang='lat' dir='ltr'>P</span> <span class='ocrx_word' id='word_1_191' title='bbox 726 2545 854 2606; x_wconf 82' lang='lat' dir='ltr'>elocutus</span> <span class='ocrx_word' id='word_1_192' title='bbox 885 2542 1060 2629; x_wconf 86' lang='lat' dir='ltr'>legendum</span> <span class='ocrx_word' id='word_1_193' title='bbox 1092 2542 1147 2619; x_wconf 92' lang='lat' dir='ltr'>sit,</span> <span class='ocrx_word' id='word_1_194' title='bbox 1188 2543 1298 2608; x_wconf 89' lang='lat' dir='ltr'>docuit</span> 
     </span>
     <span class='ocr_line' id='line_1_23' title="bbox 69 2645 549 2733; baseline 0.002 -24"><span class='ocrx_word' id='word_1_195' title='bbox 69 2645 247 2732; x_wconf 86' lang='lat' dir='ltr'>Langenus</span> <span class='ocrx_word' id='word_1_196' title='bbox 271 2647 382 2733; x_wconf 72' lang='lat' dir='ltr'>(Beer.</span> <span class='ocrx_word' id='word_1_197' title='bbox 406 2669 437 2731; x_wconf 92' lang='lat' dir='ltr'>p.</span> <span class='ocrx_word' id='word_1_198' title='bbox 463 2645 549 2732; x_wconf 87' lang='grc'><strong>184).</strong></span> 
     </span>
    </p>

    <p class='ocr_par' dir='ltr' id='par_1_5' title="bbox 71 2747 1296 3038">
     <span class='ocr_line' id='line_1_24' title="bbox 156 2747 1296 2833; baseline 0.001 -21"><span class='ocrx_word' id='word_1_199' title='bbox 156 2750 242 2812; x_wconf 83' lang='lat' dir='ltr'>Para.</span> <span class='ocrx_word' id='word_1_200' title='bbox 270 2748 330 2814; x_wconf 88' lang='grc'>401</span> <span class='ocrx_word' id='word_1_201' title='bbox 366 2747 523 2833; x_wconf 86' lang='lat' dir='ltr'>praebent</span> <span class='ocrx_word' id='word_1_202' title='bbox 551 2747 592 2813; x_wconf 93' lang='lat' dir='ltr'>P:</span> <span class='ocrx_word' id='word_1_203' title='bbox 633 2748 711 2833; x_wconf 81' lang='lat' dir='ltr'>,Qui</span> <span class='ocrx_word' id='word_1_204' title='bbox 745 2750 823 2814; x_wconf 88' lang='lat' dir='ltr'>mihi</span> <span class='ocrx_word' id='word_1_205' title='bbox 857 2752 979 2815; x_wconf 89' lang='lat' dir='ltr'>iuratus</span> <span class='ocrx_word' id='word_1_206' title='bbox 1013 2760 1061 2814; x_wconf 92' lang='lat' dir='ltr'>est</span> <span class='ocrx_word' id='word_1_207' title='bbox 1099 2772 1168 2815; x_wconf 92' lang='lat' dir='ltr'>sese</span> <span class='ocrx_word' id='word_1_208' title='bbox 1200 2748 1296 2814; x_wconf 91' lang='lat' dir='ltr'>hodie</span> 
     </span>
     <span class='ocr_line' id='line_1_25' title="bbox 71 2849 1296 2936; baseline 0.001 -22"><span class='ocrx_word' id='word_1_209' title='bbox 71 2860 243 2936; x_wconf 88' lang='lat' dir='ltr'>argentum</span> <span class='ocrx_word' id='word_1_210' title='bbox 267 2850 366 2927; x_wconf 88' lang='lat' dir='ltr'>dare‘,</span> <span class='ocrx_word' id='word_1_211' title='bbox 399 2849 456 2914; x_wconf 92' lang='lat' dir='ltr'>ubi</span> <span class='ocrx_word' id='word_1_212' title='bbox 485 2850 634 2928; x_wconf 89' lang='lat' dir='ltr'>,iuratust</span> <span class='ocrx_word' id='word_1_213' title='bbox 657 2857 738 2915; x_wconf 89' lang='lat' dir='ltr'>sese‘</span> <span class='ocrx_word' id='word_1_214' title='bbox 764 2852 970 2919; x_wconf 91' lang='lat' dir='ltr'>scribendum</span> <span class='ocrx_word' id='word_1_215' title='bbox 999 2863 1056 2918; x_wconf 87' lang='lat' dir='ltr'>est.</span> <span class='ocrx_word' id='word_1_216' title='bbox 1086 2850 1296 2916; x_wconf 90' lang='lat' dir='ltr'>Ambrosiani</span> 
     </span>
     <span class='ocr_line' id='line_1_26' title="bbox 72 2953 697 3038; baseline 0.008 -22"><span class='ocrx_word' id='word_1_217' title='bbox 72 2954 247 3019; x_wconf 89' lang='lat' dir='ltr'>correctori</span> <span class='ocrx_word' id='word_1_218' title='bbox 270 2953 393 3038; x_wconf 84' lang='lat' dir='ltr'>placuit</span> <span class='ocrx_word' id='word_1_219' title='bbox 416 2955 551 3030; x_wconf 89' lang='lat' dir='ltr'>,iuratus</span> <span class='ocrx_word' id='word_1_220' title='bbox 573 2964 622 3019; x_wconf 91' lang='lat' dir='ltr'>est</span> <span class='ocrx_word' id='word_1_221' title='bbox 644 2964 697 3021; x_wconf 89' lang='lat' dir='ltr'>se‘.</span> 
     </span>
    </p>

    <p class='ocr_par' dir='ltr' id='par_1_6' title="bbox 157 3055 335 3120">
     <span class='ocr_line' id='line_1_27' title="bbox 157 3055 335 3120; baseline 0 0"><span class='ocrx_word' id='word_1_222' title='bbox 157 3057 249 3120; x_wconf 82' lang='lat' dir='ltr'>Poea.</span> <span class='ocrx_word' id='word_1_223' title='bbox 272 3055 335 3120; x_wconf 88' lang='lat'>638</span> 
     </span>
    </p>

    <p class='ocr_par' dir='ltr' id='par_1_7' title="bbox 71 3157 1168 3350">
     <span class='ocr_line' id='line_1_28' title="bbox 157 3157 1168 3242; baseline 0.004 -20"><span class='ocrx_word' id='word_1_224' title='bbox 157 3157 201 3223; x_wconf 87' lang='lat' dir='ltr'>P:</span> <span class='ocrx_word' id='word_1_225' title='bbox 225 3158 311 3242; x_wconf 70' lang='lat' dir='ltr'>Quia</span> <span class='ocrx_word' id='word_1_226' title='bbox 345 3180 402 3222; x_wconf 92' lang='lat' dir='ltr'>nos</span> <span class='ocrx_word' id='word_1_227' title='bbox 435 3158 565 3223; x_wconf 92' lang='lat' dir='ltr'>honoris</span> <span class='ocrx_word' id='word_1_228' title='bbox 595 3160 641 3224; x_wconf 94' lang='lat' dir='ltr'>tui</span> <span class='ocrx_word' id='word_1_229' title='bbox 675 3181 773 3227; x_wconf 87' lang='lat' dir='ltr'>causa</span> <span class='ocrx_word' id='word_1_230' title='bbox 802 3161 865 3226; x_wconf 90' lang='lat' dir='ltr'>huc</span> <span class='ocrx_word' id='word_1_231' title='bbox 896 3161 937 3225; x_wconf 92' lang='lat' dir='ltr'>ad</span> <span class='ocrx_word' id='word_1_232' title='bbox 962 3171 993 3225; x_wconf 90' lang='lat' dir='ltr'>te</span> <span class='ocrx_word' id='word_1_233' title='bbox 1022 3160 1168 3226; x_wconf 88' lang='lat' dir='ltr'>venimus</span> 
     </span>
     <span class='ocr_line' id='line_1_29' title="bbox 71 3262 641 3350; baseline 0 -23"><span class='ocrx_word' id='word_1_234' title='bbox 71 3284 157 3347; x_wconf 91' lang='lat' dir='ltr'>quae</span> <span class='ocrx_word' id='word_1_235' title='bbox 182 3263 341 3350; x_wconf 89' lang='lat' dir='ltr'>scriptura</span> <span class='ocrx_word' id='word_1_236' title='bbox 363 3271 473 3349; x_wconf 90' lang='lat' dir='ltr'>aperte</span> <span class='ocrx_word' id='word_1_237' title='bbox 495 3262 579 3326; x_wconf 91' lang='lat' dir='ltr'>redit</span> <span class='ocrx_word' id='word_1_238' title='bbox 599 3263 641 3327; x_wconf 91' lang='lat' dir='ltr'>ad</span> 
     </span>
    </p>

    <p class='ocr_par' dir='ltr' id='par_1_8' title="bbox 70 3364 1298 3966">
     <span class='ocr_line' id='line_1_30' title="bbox 223 3364 1127 3449; baseline 0.001 -20"><span class='ocrx_word' id='word_1_239' title='bbox 223 3364 310 3449; x_wconf 81' lang='lat' dir='ltr'>Quia</span> <span class='ocrx_word' id='word_1_240' title='bbox 333 3365 390 3430; x_wconf 79' lang='lat' dir='ltr'>nos</span> <span class='ocrx_word' id='word_1_241' title='bbox 415 3365 461 3428; x_wconf 88' lang='lat' dir='ltr'>tui</span> <span class='ocrx_word' id='word_1_242' title='bbox 483 3364 613 3430; x_wconf 92' lang='lat' dir='ltr'>honoris</span> <span class='ocrx_word' id='word_1_243' title='bbox 637 3365 735 3429; x_wconf 77' lang='lat' dir='ltr'>carisa</span> <span class='ocrx_word' id='word_1_244' title='bbox 757 3364 821 3430; x_wconf 90' lang='lat' dir='ltr'>huc</span> <span class='ocrx_word' id='word_1_245' title='bbox 844 3366 886 3430; x_wconf 93' lang='lat' dir='ltr'>ad</span> <span class='ocrx_word' id='word_1_246' title='bbox 908 3378 939 3429; x_wconf 93' lang='lat' dir='ltr'>te</span> <span class='ocrx_word' id='word_1_247' title='bbox 963 3364 1127 3443; x_wconf 73' lang='lat' dir='ltr'>venimus3</span> 
     </span>
     <span class='ocr_line' id='line_1_31' title="bbox 76 3467 1297 3555; baseline 0.001 -23"><span class='ocrx_word' id='word_1_248' title='bbox 76 3468 168 3532; x_wconf 87' lang='lat' dir='ltr'>metri</span> <span class='ocrx_word' id='word_1_249' title='bbox 192 3480 299 3532; x_wconf 89' lang='lat' dir='ltr'>autem</span> <span class='ocrx_word' id='word_1_250' title='bbox 320 3469 426 3555; x_wconf 86' lang='lat' dir='ltr'>gratia</span> <span class='ocrx_word' id='word_1_251' title='bbox 449 3469 505 3530; x_wconf 80' lang='lat' dir='ltr'>lac</span> <span class='ocrx_word' id='word_1_252' title='bbox 527 3468 561 3531; x_wconf 94' lang='lat' dir='ltr'>in</span> <span class='ocrx_word' id='word_1_253' title='bbox 583 3469 613 3531; x_wconf 88' lang='lat' dir='ltr'>A</span> <span class='ocrx_word' id='word_1_254' title='bbox 636 3467 777 3532; x_wconf 90' lang='lat' dir='ltr'>deletum</span> <span class='ocrx_word' id='word_1_255' title='bbox 801 3482 858 3546; x_wconf 92' lang='lat' dir='ltr'>est,</span> <span class='ocrx_word' id='word_1_256' title='bbox 882 3468 973 3533; x_wconf 86' lang='lat' dir='ltr'>euius</span> <span class='ocrx_word' id='word_1_257' title='bbox 997 3491 1126 3535; x_wconf 89' lang='lat' dir='ltr'>versum</span> <span class='ocrx_word' id='word_1_258' title='bbox 1142 3469 1297 3535; x_wconf 84' lang='lat' dir='ltr'>Goetzius</span> 
     </span>
     <span class='ocr_line' id='line_1_32' title="bbox 70 3570 1296 3657; baseline 0 -21"><span class='ocrx_word' id='word_1_259' title='bbox 70 3571 287 3655; x_wconf 86' lang='lat' dir='ltr'>Loewiusque</span> <span class='ocrx_word' id='word_1_260' title='bbox 318 3592 381 3635; x_wconf 91' lang='lat' dir='ltr'>non</span> <span class='ocrx_word' id='word_1_261' title='bbox 405 3582 490 3634; x_wconf 90' lang='lat' dir='ltr'>recte</span> <span class='ocrx_word' id='word_1_262' title='bbox 509 3581 716 3657; x_wconf 86' lang='lat' dir='ltr'>receperunt3</span> <span class='ocrx_word' id='word_1_263' title='bbox 740 3593 814 3656; x_wconf 88' lang='lat' dir='ltr'>nam</span> <span class='ocrx_word' id='word_1_264' title='bbox 837 3571 893 3633; x_wconf 82' lang='lat' dir='ltr'>luc</span> <span class='ocrx_word' id='word_1_265' title='bbox 915 3572 959 3632; x_wconf 88' lang='lat' dir='ltr'>ad</span> <span class='ocrx_word' id='word_1_266' title='bbox 980 3582 1008 3634; x_wconf 83' lang='lat' dir='ltr'>te</span> <span class='ocrx_word' id='word_1_267' title='bbox 1022 3570 1140 3635; x_wconf 90' lang='lat' dir='ltr'>Plauto</span> <span class='ocrx_word' id='word_1_268' title='bbox 1156 3571 1296 3636; x_wconf 91' lang='lat' dir='ltr'>usitatis·</span> 
     </span>
     <span class='ocr_line' id='line_1_33' title="bbox 72 3672 1295 3759; baseline 0.001 -21"><span class='ocrx_word' id='word_1_269' title='bbox 72 3674 192 3739; x_wconf 91' lang='lat' dir='ltr'>simum</span> <span class='ocrx_word' id='word_1_270' title='bbox 215 3685 278 3750; x_wconf 86' lang='lat' dir='ltr'>est3</span> <span class='ocrx_word' id='word_1_271' title='bbox 301 3675 342 3737; x_wconf 87' lang='lat' dir='ltr'>cf.</span> <span class='ocrx_word' id='word_1_272' title='bbox 367 3696 396 3736; x_wconf 91' lang='lat' dir='ltr'>v.</span> <span class='ocrx_word' id='word_1_273' title='bbox 419 3695 468 3759; x_wconf 91' lang='lat' dir='ltr'>gr.</span> <span class='ocrx_word' id='word_1_274' title='bbox 489 3674 570 3736; x_wconf 77' lang='lat' dir='ltr'>Tria</span> <span class='ocrx_word' id='word_1_275' title='bbox 593 3672 635 3737; x_wconf 92' lang='grc'>67</span> <span class='ocrx_word' id='word_1_276' title='bbox 659 3695 744 3749; x_wconf 92' lang='lat' dir='ltr'>‚nam</span> <span class='ocrx_word' id='word_1_277' title='bbox 767 3694 827 3758; x_wconf 91' lang='lat' dir='ltr'>ego</span> <span class='ocrx_word' id='word_1_278' title='bbox 850 3672 960 3737; x_wconf 88' lang='lat' dir='ltr'>dedita</span> <span class='ocrx_word' id='word_1_279' title='bbox 989 3695 1087 3758; x_wconf 88' lang='lat' dir='ltr'>opera</span> <span class='ocrx_word' id='word_1_280' title='bbox 1110 3673 1174 3738; x_wconf 91' lang='lat' dir='ltr'>huc</span> <span class='ocrx_word' id='word_1_281' title='bbox 1198 3675 1240 3738; x_wconf 91' lang='lat' dir='ltr'>ad</span> <span class='ocrx_word' id='word_1_282' title='bbox 1263 3684 1295 3739; x_wconf 91' lang='lat' dir='ltr'>te</span> 
     </span>
     <span class='ocr_line' id='line_1_34' title="bbox 73 3774 1298 3863; baseline -0.002 -22"><span class='ocrx_word' id='word_1_283' title='bbox 73 3777 196 3853; x_wconf 83' lang='lat' dir='ltr'>venio‘3</span> <span class='ocrx_word' id='word_1_284' title='bbox 224 3798 320 3862; x_wconf 90' lang='lat' dir='ltr'>porro</span> <span class='ocrx_word' id='word_1_285' title='bbox 353 3777 434 3839; x_wconf 79' lang='lat' dir='ltr'>Tria.</span> <span class='ocrx_word' id='word_1_286' title='bbox 458 3775 508 3843; x_wconf 90' lang='grc'>97.</span> <span class='ocrx_word' id='word_1_287' title='bbox 533 3776 626 3839; x_wconf 79' lang='lat'>1151.</span> <span class='ocrx_word' id='word_1_288' title='bbox 655 3776 739 3842; x_wconf 83' lang='lat' dir='ltr'>Trac.</span> <span class='ocrx_word' id='word_1_289' title='bbox 757 3774 829 3840; x_wconf 85' lang='lat'>148.</span> <span class='ocrx_word' id='word_1_290' title='bbox 845 3774 926 3852; x_wconf 85' lang='lat'><strong>397;</strong></span> <span class='ocrx_word' id='word_1_291' title='bbox 956 3776 1002 3839; x_wconf 89' lang='lat' dir='ltr'>sic</span> <span class='ocrx_word' id='word_1_292' title='bbox 1025 3777 1122 3841; x_wconf 90' lang='lat' dir='ltr'>etiam</span> <span class='ocrx_word' id='word_1_293' title='bbox 1145 3777 1192 3840; x_wconf 83' lang='lat' dir='ltr'>la&#39;a</span> <span class='ocrx_word' id='word_1_294' title='bbox 1212 3779 1298 3863; x_wconf 78' lang='lat' dir='ltr'>apud</span> 
     </span>
     <span class='ocr_line' id='line_1_35' title="bbox 70 3876 1110 3966; baseline -0.001 -23"><span class='ocrx_word' id='word_1_295' title='bbox 70 3902 131 3953; x_wconf 84' lang='lat' dir='ltr'>voa,</span> <span class='ocrx_word' id='word_1_296' title='bbox 156 3881 203 3943; x_wconf 84' lang='lat' dir='ltr'>la&#39;e</span> <span class='ocrx_word' id='word_1_297' title='bbox 220 3901 317 3966; x_wconf 81' lang='lat' dir='ltr'>prope</span> <span class='ocrx_word' id='word_1_298' title='bbox 330 3901 387 3952; x_wconf 83' lang='lat' dir='ltr'>me,</span> <span class='ocrx_word' id='word_1_299' title='bbox 410 3879 457 3941; x_wconf 79' lang='lat' dir='ltr'>bia</span> <span class='ocrx_word' id='word_1_300' title='bbox 479 3890 547 3942; x_wconf 81' lang='lat' dir='ltr'>aute</span> <span class='ocrx_word' id='word_1_301' title='bbox 569 3880 657 3943; x_wconf 83' lang='lat' dir='ltr'>aedas</span> <span class='ocrx_word' id='word_1_302' title='bbox 679 3876 750 3941; x_wconf 91' lang='lat' dir='ltr'>sim.</span> <span class='ocrx_word' id='word_1_303' title='bbox 774 3877 961 3962; x_wconf 87' lang='lat' dir='ltr'>saepissime</span> <span class='ocrx_word' id='word_1_304' title='bbox 984 3878 1110 3943; x_wconf 86' lang='lat' dir='ltr'>dicitur.</span> 
     </span>
    </p>

    <p class='ocr_par' dir='ltr' id='par_1_9' title="bbox 159 3980 1296 4068">
     <span class='ocr_line' id='line_1_36' title="bbox 159 3980 1296 4068; baseline -0.002 -22"><span class='ocrx_word' id='word_1_305' title='bbox 159 3981 231 4046; x_wconf 88' lang='lat' dir='ltr'>Hos</span> <span class='ocrx_word' id='word_1_306' title='bbox 247 3981 332 4048; x_wconf 87' lang='lat' dir='ltr'>locos</span> <span class='ocrx_word' id='word_1_307' title='bbox 352 3981 456 4046; x_wconf 90' lang='lat' dir='ltr'>visum</span> <span class='ocrx_word' id='word_1_308' title='bbox 478 3990 526 4044; x_wconf 93' lang='lat' dir='ltr'>est</span> <span class='ocrx_word' id='word_1_309' title='bbox 549 3981 582 4049; x_wconf 93' lang='lat' dir='ltr'>in</span> <span class='ocrx_word' id='word_1_310' title='bbox 606 3982 666 4045; x_wconf 92' lang='lat' dir='ltr'>hac</span> <span class='ocrx_word' id='word_1_311' title='bbox 681 3980 888 4065; x_wconf 83' lang='lat' dir='ltr'>paragrapho</span> <span class='ocrx_word' id='word_1_312' title='bbox 911 3980 1075 4067; x_wconf 87' lang='lat' dir='ltr'>colligere,</span> <span class='ocrx_word' id='word_1_313' title='bbox 1099 4002 1296 4068; x_wconf 91' lang='lat' dir='ltr'>quamquam</span> 
     </span>
    </p>
   </div>
   <div class='ocr_carea' id='block_1_3' title="bbox 72 4081 1381 4581">
    <p class='ocr_par' dir='ltr' id='par_1_10' title="bbox 72 4081 1381 4581">
     <span class='ocr_line' id='line_1_37' title="bbox 73 4081 1297 4173; baseline -0.002 -22"><span class='ocrx_word' id='word_1_314' title='bbox 73 4085 168 4173; x_wconf 89' lang='lat' dir='ltr'>copia</span> <span class='ocrx_word' id='word_1_315' title='bbox 207 4085 367 4162; x_wconf 90' lang='lat' dir='ltr'>locorum,</span> <span class='ocrx_word' id='word_1_316' title='bbox 407 4081 523 4166; x_wconf 86' lang='lat' dir='ltr'>quibus</span> <span class='ocrx_word' id='word_1_317' title='bbox 556 4082 793 4148; x_wconf 89' lang='lat' dir='ltr'>Ambrosianus</span> <span class='ocrx_word' id='word_1_318' title='bbox 830 4092 1020 4147; x_wconf 87' lang='lat' dir='ltr'>retractatus</span> <span class='ocrx_word' id='word_1_319' title='bbox 1056 4105 1126 4148; x_wconf 93' lang='lat' dir='ltr'>esse</span> <span class='ocrx_word' id='word_1_320' title='bbox 1159 4082 1297 4167; x_wconf 89' lang='lat' dir='ltr'>videtur,</span> 
     </span>
     <span class='ocr_line' id='line_1_38' title="bbox 72 4185 1381 4270; baseline -0.002 -18"><span class='ocrx_word' id='word_1_321' title='bbox 72 4186 214 4253; x_wconf 88' lang='lat' dir='ltr'>nondum</span> <span class='ocrx_word' id='word_1_322' title='bbox 235 4186 393 4251; x_wconf 90' lang='lat' dir='ltr'>exhausta</span> <span class='ocrx_word' id='word_1_323' title='bbox 408 4200 465 4248; x_wconf 86' lang='lat' dir='ltr'>est.</span> <span class='ocrx_word' id='word_1_324' title='bbox 512 4185 568 4249; x_wconf 93' lang='lat' dir='ltr'>sed</span> <span class='ocrx_word' id='word_1_325' title='bbox 590 4185 666 4269; x_wconf 89' lang='lat' dir='ltr'>quia</span> <span class='ocrx_word' id='word_1_326' title='bbox 689 4187 723 4248; x_wconf 90' lang='lat' dir='ltr'>in</span> <span class='ocrx_word' id='word_1_327' title='bbox 748 4185 1002 4270; x_wconf 89' lang='lat' dir='ltr'>eopotissimum</span> <span class='ocrx_word' id='word_1_328' title='bbox 1025 4187 1167 4250; x_wconf 90' lang='lat' dir='ltr'>studium</span> <span class='ocrx_word' id='word_1_329' title='bbox 1192 4208 1297 4251; x_wconf 91' lang='lat' dir='ltr'>meum</span> <span class='ocrx_word' id='word_1_330' title='bbox 1374 4222 1381 4237; x_wconf 83' lang='lat'><strong>·</strong></span> 
     </span>
     <span class='ocr_line' id='line_1_39' title="bbox 72 4287 1297 4378; baseline -0.001 -24"><span class='ocrx_word' id='word_1_331' title='bbox 72 4289 177 4378; x_wconf 90' lang='lat' dir='ltr'>posui,</span> <span class='ocrx_word' id='word_1_332' title='bbox 200 4299 236 4354; x_wconf 93' lang='lat' dir='ltr'>ut</span> <span class='ocrx_word' id='word_1_333' title='bbox 258 4287 377 4372; x_wconf 92' lang='lat' dir='ltr'>ubique</span> <span class='ocrx_word' id='word_1_334' title='bbox 400 4298 541 4352; x_wconf 87' lang='lat' dir='ltr'>mentem</span> <span class='ocrx_word' id='word_1_335' title='bbox 563 4289 755 4353; x_wconf 87' lang='lat' dir='ltr'>correctoris</span> <span class='ocrx_word' id='word_1_336' title='bbox 779 4298 810 4352; x_wconf 93' lang='lat' dir='ltr'>et</span> <span class='ocrx_word' id='word_1_337' title='bbox 832 4291 988 4352; x_wconf 92' lang='lat' dir='ltr'>rationem</span> <span class='ocrx_word' id='word_1_338' title='bbox 1012 4288 1205 4354; x_wconf 90' lang='lat' dir='ltr'>emendandi</span> <span class='ocrx_word' id='word_1_339' title='bbox 1228 4311 1297 4376; x_wconf 90' lang='lat' dir='ltr'>per·</span> 
     </span>
     <span class='ocr_line' id='line_1_40' title="bbox 72 4388 1297 4478; baseline -0.002 -21"><span class='ocrx_word' id='word_1_340' title='bbox 72 4392 230 4478; x_wconf 90' lang='lat' dir='ltr'>spicerem</span> <span class='ocrx_word' id='word_1_341' title='bbox 255 4401 285 4456; x_wconf 95' lang='lat' dir='ltr'>et</span> <span class='ocrx_word' id='word_1_342' title='bbox 308 4390 517 4471; x_wconf 88' lang='lat' dir='ltr'>ostenderem,</span> <span class='ocrx_word' id='word_1_343' title='bbox 542 4391 651 4476; x_wconf 89' lang='lat' dir='ltr'>plures</span> <span class='ocrx_word' id='word_1_344' title='bbox 673 4391 759 4455; x_wconf 88' lang='lat' dir='ltr'>locos</span> <span class='ocrx_word' id='word_1_345' title='bbox 783 4391 928 4455; x_wconf 87' lang='lat' dir='ltr'>consulto</span> <span class='ocrx_word' id='word_1_346' title='bbox 951 4389 1082 4468; x_wconf 87' lang='lat' dir='ltr'>seclusi,</span> <span class='ocrx_word' id='word_1_347' title='bbox 1117 4388 1297 4475; x_wconf 90' lang='lat' dir='ltr'>dequibus</span> 
     </span>
     <span class='ocr_line' id='line_1_41' title="bbox 72 4491 1298 4581; baseline -0.004 -19"><span class='ocrx_word' id='word_1_348' title='bbox 72 4518 113 4562; x_wconf 88' lang='lat' dir='ltr'>ea</span> <span class='ocrx_word' id='word_1_349' title='bbox 137 4495 177 4560; x_wconf 88' lang='lat' dir='ltr'>de</span> <span class='ocrx_word' id='word_1_350' title='bbox 201 4516 300 4561; x_wconf 87' lang='lat' dir='ltr'>causa</span> <span class='ocrx_word' id='word_1_351' title='bbox 323 4493 400 4557; x_wconf 87' lang='lat' dir='ltr'>mibi</span> <span class='ocrx_word' id='word_1_352' title='bbox 424 4516 487 4557; x_wconf 91' lang='lat' dir='ltr'>non</span> <span class='ocrx_word' id='word_1_353' title='bbox 511 4493 588 4557; x_wconf 89' lang='lat' dir='ltr'>satis</span> <span class='ocrx_word' id='word_1_354' title='bbox 610 4492 792 4571; x_wconf 88' lang='lat' dir='ltr'>constabat,</span> <span class='ocrx_word' id='word_1_355' title='bbox 820 4494 907 4581; x_wconf 92' lang='lat' dir='ltr'>quod</span> <span class='ocrx_word' id='word_1_356' title='bbox 934 4494 1015 4558; x_wconf 90' lang='lat' dir='ltr'>ratio</span> <span class='ocrx_word' id='word_1_357' title='bbox 1038 4491 1230 4557; x_wconf 91' lang='lat' dir='ltr'>emendandi</span> <span class='ocrx_word' id='word_1_358' title='bbox 1254 4493 1298 4558; x_wconf 93' lang='lat' dir='ltr'>di·</span> 
     </span>
    </p>
   </div>
   <div class='ocr_carea' id='block_1_4' title="bbox 1095 4613 1112 4664">
    <p class='ocr_par' dir='ltr' id='par_1_11' title="bbox 1095 4613 1112 4664">
     <span class='ocr_line' id='line_1_42' title="bbox 1095 4613 1112 4664; baseline 0 0"><span class='ocrx_word' id='word_1_359' title='bbox 1095 4613 1112 4664; x_wconf 85' lang='lat'>5</span> 
     </span>
    </p>
   </div>
   <div class='ocr_carea' id='block_1_5' title="bbox 0 0 1574 5138">
    <p class='ocr_par' dir='ltr' id='par_1_12' title="bbox 0 0 1574 5138">
     <span class='ocr_line' id='line_1_43' title="bbox 0 0 1574 5138; baseline 0 0"><span class='ocrx_word' id='word_1_360' title='bbox 0 0 1574 5138; x_wconf 95' lang='lat' dir='ltr'> </span> 
     </span>
    </p>
   </div>
  </div>
 </body>
</html>
