3120 5138
166 521 282 608 pagati
311 520 509 599 videremus,
543 537 637 585 omne
665 520 807 587 studium
836 520 870 584 in
904 542 943 585 eo
965 519 1148 606 posuimus,
1184 527 1219 583 ut
1242 518 1388 584 codicum

170 623 377 703 testimoniis,
411 633 570 709 quatenus
598 625 630 687 in
661 622 767 688 verbis
796 623 922 688 traditis
950 621 1180 700 discedebant,
1217 621 1388 708 diligenter

168 726 328 814 congestis
351 736 383 791 et
408 725 513 791 sobrie
538 725 735 812 comparatis
750 736 864 811 poetae
886 723 993 790 verbis
1007 724 1240 790 constituendis
1263 725 1389 790 firmum

165 829 411 896 fundamentum
430 827 698 908 substrueremus,
723 828 834 893 sedulo
855 827 889 892 id
912 839 1073 906 caventes,
1095 850 1136 894 ne
1157 827 1387 915 praeoccupati

168 931 321 998 doctrinis
351 932 392 997 de
417 953 452 996 re
481 931 698 996 indicaremus
728 932 778 995 vel
806 931 946 996 incertas
974 930 1141 1016 opiniones
1170 953 1388 1016 sequeremur.

167 1036 230 1102 hoc
245 1037 359 1101 itinere
374 1034 608 1121 pedetemptim
624 1033 835 1120 procedentes
850 1056 888 1098 eo
900 1033 1118 1120 pervenimus,
1135 1043 1169 1098 nt
1187 1033 1267 1098 haec
1288 1033 1328 1097 de
1345 1055 1388 1098 re·

167 1139 354 1204 cessionum
369 1137 558 1204 condicione
575 1149 769 1202 statuamus:
793 1161 812 1202 a
833 1137 996 1202 communi
1013 1137 1181 1224 utriusque
1197 1136 1389 1202 recensionis

149 1241 345 1327 archetypo
366 1239 585 1307 Ambrosiana
608 1242 751 1306 recensio
773 1241 874 1307 multo
897 1241 1025 1328 longius
1049 1238 1154 1318 abest,
1178 1263 1277 1328 quam
1301 1240 1388 1305 Pala·

167 1343 245 1408 tina.
269 1366 346 1409 nam
370 1365 453 1430 quae
475 1355 604 1429 praeter
627 1342 725 1409 verba
752 1355 867 1430 poetae
894 1344 948 1408 ille
979 1343 1164 1408 continebat
1195 1344 1389 1409 documenta

168 1447 209 1511 ad
232 1447 374 1512 actiones
391 1446 555 1511 scaenicas
571 1445 763 1530 pertinentia
786 1456 817 1509 et
832 1447 873 1510 ad
897 1445 1096 1532 exemplaria
1111 1446 1254 1524 histrica,
1271 1446 1387 1535 quibus

165 1550 238 1615 unis
260 1559 371 1615 nostra
383 1547 567 1614 fabularum
584 1549 806 1614 Plautinarum
829 1549 984 1614 memoria
998 1549 1119 1628 nititur,
1142 1550 1325 1628 redeuntia,
1349 1572 1385 1616 ea

165 1649 275 1718 omnia
292 1664 358 1716 tam
380 1650 534 1717 audacter
563 1675 661 1739 quam
688 1662 872 1716 constanter
893 1651 1023 1716 sustulit
1053 1663 1166 1718 auctor
1193 1654 1389 1719 recensionis

167 1755 413 1821 Ambrosianae.
458 1755 595 1820 removit
624 1754 709 1819 enim
732 1776 789 1839 per
820 1763 923 1819 totum
947 1776 1065 1839 corpus
1088 1755 1273 1822 fabularum
1295 1756 1390 1821 Plau·

167 1859 308 1924 tinarum
332 1859 501 1923 semeiosis
524 1858 626 1935 illam,
656 1879 721 1946 qua
744 1858 870 1922 cantica
893 1869 925 1921 et
946 1856 1092 1922 diverbia
1122 1857 1390 1945 insigniebantur,

166 1962 304 2028 removit
324 1961 448 2026 litteras
471 1962 631 2038 Graecas,
660 1961 776 2048 quibus
799 1961 963 2045 quomodo
990 1960 1073 2024 inter
1095 1973 1220 2025 actores
1243 1960 1390 2049 singulae

167 2077 276 2152 partes
304 2063 544 2130 distribuendae
567 2074 686 2138 essent,
722 2062 942 2141 indicabatur,
972 2066 1110 2128 removit
1132 2085 1326 2130 scaenarum
1348 2064 1391 2128 in·

168 2168 377 2257 scriptionum
399 2170 535 2233 formam
558 2166 825 2253 antiquissimam,
848 2187 988 2249 quacum
1011 2165 1068 2229 illa
1084 2167 1248 2231 semeiosis
1271 2168 1393 2256 ubique

168 2273 236 2336 fere
276 2271 446 2337 coniuncta
479 2282 544 2348 est,
580 2269 771 2357 induxitque
805 2268 997 2334 admiranda
1029 2270 1174 2354 profecto
1209 2270 1392 2336 constantia

173 2373 333 2439 noviciam
357 2394 419 2438 non
443 2373 511 2437 sine
534 2394 652 2458 magna
674 2370 821 2436 mutandi
844 2371 988 2438 audacia.
1023 2393 1212 2439 scaenarum
1235 2373 1393 2438 distincti·

172 2497 265 2541 onem
296 2497 360 2541 non
388 2475 522 2540 eandem
554 2475 696 2539 servavit
726 2497 824 2562 quam
852 2475 1048 2562 archetypus
1071 2474 1200 2553 habuit,
1236 2475 1297 2540 sed
1318 2498 1392 2542 cum

172 2578 206 2643 in
228 2578 293 2656 illo,
317 2581 408 2643 cuius
431 2578 584 2642 memoria
608 2580 641 2641 in
668 2577 854 2642 universum
878 2600 952 2641 cum
980 2578 1042 2641 fide
1065 2577 1126 2641 hac
1149 2577 1280 2661 quidem
1303 2578 1337 2641 in
1360 2601 1393 2642 re

170 2681 331 2747 Palatinis
357 2692 630 2766 repraesentatur,
659 2701 849 2744 scaenarum
875 2679 991 2745 divisio
1014 2703 1129 2765 parum
1152 2681 1248 2744 certis
1272 2682 1393 2746 normis

167 2784 412 2869 circumscripta
441 2795 589 2847 esset-
612 2782 762 2846 nimirum
795 2783 827 2845 in
863 2781 998 2868 singulis
1026 2781 1161 2865 fabulis,
1197 2805 1237 2846 ex
1275 2782 1393 2870 quibus

168 2910 285 2975 corpus
312 2886 497 2952 fabularum
533 2885 747 2970 compositum
770 2898 856 2963 erat,
887 2884 1007 2949 diversi
1036 2885 1157 2949 domini
1184 2908 1325 2972 gregum
1349 2887 1392 2951 di·

168 3012 279 3055 versas
301 2991 442 3055 rationes
458 2988 679 3074 distinguendi
696 2988 797 3052 secuti
818 2999 919 3064 erant,
944 3009 1024 3076 quas
1041 3010 1105 3052 non
1126 2989 1263 3053 mutavit
1280 3001 1394 3054 auctor

168 3092 255 3158 illius
278 3091 448 3177 archetypi
470 3131 521 3170 -,
552 3103 656 3155 certas
679 3091 741 3155 hac
762 3090 794 3153 in
817 3114 852 3155 re
875 3090 936 3156 sibi
966 3112 1148 3177 proponens
1171 3089 1259 3177 leges
1284 3113 1393 3179 saepe·

169 3216 303 3260 numero
327 3194 457 3259 sustulit
479 3215 562 3281 quae
585 3194 614 3257 ei
636 3193 764 3258 inutiles
789 3193 981 3259 videbantur
1004 3213 1140 3258 scaenae
1163 3192 1335 3260 discretae.

253 3296 308 3361 Ad
325 3297 461 3362 eundem
478 3307 641 3362 auctorem
658 3298 754 3361 etiam
770 3308 943 3362 metrorum
965 3297 1224 3361 constitutionem
1239 3298 1392 3384 exemplo

169 3398 241 3476 illo,
270 3399 356 3487 quod
388 3422 428 3465 ex
463 3401 633 3464 Truculeati
660 3421 794 3464 scaenae
824 3399 903 3465 111
939 3400 1145 3484 inscriptione
1176 3412 1206 3463 et
1233 3399 1394 3466 divisione

169 3501 299 3565 remotis
323 3502 456 3587 sumpsi,
480 3503 686 3567 manifestum
708 3503 757 3580 fit;
787 3525 862 3567 nam
892 3503 948 3566 vix
977 3504 1067 3568 casui
1089 3501 1212 3568 tribuas
1247 3503 1337 3586 quod
1360 3505 1392 3568 in

169 3604 281 3669 eadem
306 3626 437 3681 scaena,
474 3628 568 3691 quam
598 3605 753 3689 superiori
782 3607 950 3671 coniunxit
977 3629 1035 3692 per
1057 3607 1151 3670 metri
1183 3607 1393 3672 mutationem

169 3707 247 3771 satis
270 3705 392 3784 scitam,
416 3707 558 3792 integros
574 3729 725 3773 versuum
741 3707 868 3772 ordines
890 3709 924 3773 in
939 3731 1024 3772 nova
1047 3719 1149 3774 metra
1164 3708 1298 3773 redacta
1322 3731 1391 3774 esse

170 3809 329 3874 videmus.
376 3808 534 3873 eiusmodi
568 3823 675 3873 autem
709 3809 903 3874 recensionis
937 3810 1086 3897 exempla
1120 3832 1216 3898 quam
1251 3811 1394 3876 maxime

168 3910 390 3978 memorabilia
411 3910 489 3977 alibi
511 3932 639 3999 quoque
660 3911 877 3976 inveniuntur.

252 4016 340 4100 Quid
367 4016 401 4081 in
430 4014 478 4079 his
504 4013 668 4081 Palatini?
707 4013 747 4077 de
775 4013 892 4099 quibus
914 4015 1008 4080 liceat
1035 4027 1179 4101 repetere
1212 4038 1296 4103 quae
1329 4019 1394 4084 ianr

168 4142 266 4205 supra
283 4118 371 4184 brevi
388 4116 701 4204 comprehendimus.
724 4116 826 4181 multa
843 4119 876 4182 in
888 4139 925 4182 eo
942 4119 1132 4184 semeioseos
1143 4119 1230 4184 illius
1242 4121 1394 4207 exempla

168 4233 351 4307 supersunt,
374 4221 477 4288 multa
499 4219 699 4286 Graecarum
722 4221 900 4288 litterarum
922 4221 1070 4309 partibus
1094 4223 1327 4289 distribuendis
1348 4224 1392 4287 in-

168 4323 384 4390 servientium.
430 4323 594 4389 titulorum
624 4323 839 4407 antiquissimi
871 4324 998 4411 generis
1032 4325 1182 4409 exempla
1215 4348 1279 4391 non
1310 4348 1394 4404 rara,

168 4425 356 4490 medioximi
378 4425 581 4503 creberrima,
604 4426 817 4492 recentissimi
840 4426 928 4493 haud
950 4428 995 4491 ita
1018 4428 1129 4492 multa.
1166 4449 1230 4514 qua
1253 4427 1286 4491 in
1310 4450 1346 4493 re
1369 4427 1395 4495 si

168 4524 383 4598 deliberamus
404 4527 532 4597 fabulas
553 4526 732 4609 Plautinas,
757 4529 870 4620 quales
891 4552 951 4617 per
971 4529 1156 4597 Palatinam
1171 4530 1395 4598 recensionem
