<?xml version="1.0" encoding="UTF-8"?>
<!DOCTYPE html PUBLIC "-//W3C//DTD XHTML 1.0 Transitional//EN"
    "http://www.w3.org/TR/xhtml1/DTD/xhtml1-transitional.dtd">
<html xmlns="http://www.w3.org/1999/xhtml" xml:lang="en" lang="en">
 <head>
  <title>
</title>
<meta http-equiv="Content-Type" content="text/html;charset=utf-8" />
  <meta name='ocr-system' content='tesseract 3.04.00' />
  <meta name='ocr-capabilities' content='ocr_page ocr_carea ocr_par ocr_line ocrx_word'/>
</head>
<body>
  <div class='ocr_page' id='page_1' title='image "./deplautifabular00baiegoog_0042.png"; bbox 0 0 3136 5146; ppageno 0'>
   <div class='ocr_carea' id='block_1_1' title="bbox 611 349 812 449">
    <p class='ocr_par' dir='ltr' id='par_1_1' title="bbox 611 349 812 449">
     <span class='ocr_line' id='line_1_1' title="bbox 611 349 812 449; baseline 0 0"><span class='ocrx_word' id='word_1_1' title='bbox 611 349 812 449; x_wconf 51' lang='lat' dir='ltr'>„ll--</span> 
     </span>
    </p>
   </div>
   <div class='ocr_carea' id='block_1_2' title="bbox 94 552 1412 1954">
    <p class='ocr_par' dir='ltr' id='par_1_2' title="bbox 94 552 1412 1954">
     <span class='ocr_line' id='line_1_2' title="bbox 94 552 1325 640; baseline -0.002 -22"><span class='ocrx_word' id='word_1_2' title='bbox 94 578 191 640; x_wconf 81' lang='lat' dir='ltr'>puero</span> <span class='ocrx_word' id='word_1_3' title='bbox 223 555 285 632; x_wconf 83' lang='lat' dir='ltr'>uti3</span> <span class='ocrx_word' id='word_1_4' title='bbox 320 555 406 639; x_wconf 91' lang='lat' dir='ltr'>quod</span> <span class='ocrx_word' id='word_1_5' title='bbox 440 563 679 640; x_wconf 80' lang='lat' dir='ltr'><strong>argumentum,</strong></span> <span class='ocrx_word' id='word_1_6' title='bbox 714 577 778 638; x_wconf 93' lang='lat' dir='ltr'>quo</span> <span class='ocrx_word' id='word_1_7' title='bbox 807 552 1016 618; x_wconf 83' lang='lat' dir='ltr'>Ambrosiani</span> <span class='ocrx_word' id='word_1_8' title='bbox 1047 552 1207 637; x_wconf 90' lang='lat' dir='ltr'>scriptura</span> <span class='ocrx_word' id='word_1_9' title='bbox 1237 573 1325 616; x_wconf 88' lang='lat' dir='ltr'>ever·</span> 
     </span>
     <span class='ocr_line' id='line_1_3' title="bbox 100 654 1322 741; baseline 0.002 -21"><span class='ocrx_word' id='word_1_10' title='bbox 100 656 189 733; x_wconf 91' lang='lat' dir='ltr'>titur,</span> <span class='ocrx_word' id='word_1_11' title='bbox 217 656 422 723; x_wconf 84' lang='lat' dir='ltr'>futtilissimis</span> <span class='ocrx_word' id='word_1_12' title='bbox 449 656 555 722; x_wconf 86' lang='lat' dir='ltr'>verbis</span> <span class='ocrx_word' id='word_1_13' title='bbox 586 656 802 741; x_wconf 81' lang='lat' dir='ltr'>Niemeyerus</span> <span class='ocrx_word' id='word_1_14' title='bbox 831 657 1016 741; x_wconf 86' lang='lat' dir='ltr'>impugnat:</span> <span class='ocrx_word' id='word_1_15' title='bbox 1058 654 1213 721; x_wconf 83' lang='lat' dir='ltr'>Plautum</span> <span class='ocrx_word' id='word_1_16' title='bbox 1249 676 1322 722; x_wconf 88' lang='lat' dir='ltr'>cum</span> 
     </span>
     <span class='ocr_line' id='line_1_4' title="bbox 101 756 1323 845; baseline 0.001 -24"><span class='ocrx_word' id='word_1_17' title='bbox 101 759 167 822; x_wconf 88' lang='lat' dir='ltr'>iam</span> <span class='ocrx_word' id='word_1_18' title='bbox 191 781 292 824; x_wconf 80' lang='lat' dir='ltr'>senex</span> <span class='ocrx_word' id='word_1_19' title='bbox 314 759 546 825; x_wconf 78' lang='lat' dir='ltr'>Truculentum</span> <span class='ocrx_word' id='word_1_20' title='bbox 569 759 750 844; x_wconf 71' lang='lat' dir='ltr'>scripsisset</span> <span class='ocrx_word' id='word_1_21' title='bbox 773 771 804 824; x_wconf 94' lang='lat' dir='ltr'>et</span> <span class='ocrx_word' id='word_1_22' title='bbox 827 758 914 845; x_wconf 93' lang='lat' dir='ltr'>apud</span> <span class='ocrx_word' id='word_1_23' title='bbox 933 757 1113 836; x_wconf 81' lang='lat' dir='ltr'>Caecilium</span> <span class='ocrx_word' id='word_1_24' title='bbox 1133 756 1323 823; x_wconf 76' lang='lat' dir='ltr'>Terentium</span> 
     </span>
     <span class='ocr_line' id='line_1_5' title="bbox 100 858 1324 948; baseline 0 -23"><span class='ocrx_word' id='word_1_25' title='bbox 100 862 273 927; x_wconf 84' lang='lat' dir='ltr'>Afranium</span> <span class='ocrx_word' id='word_1_26' title='bbox 308 873 338 926; x_wconf 86' lang='lat' dir='ltr'>et</span> <span class='ocrx_word' id='word_1_27' title='bbox 356 885 435 948; x_wconf 81' lang='lat' dir='ltr'>puer</span> <span class='ocrx_word' id='word_1_28' title='bbox 468 873 499 927; x_wconf 91' lang='lat' dir='ltr'>et</span> <span class='ocrx_word' id='word_1_29' title='bbox 517 884 610 948; x_wconf 76' lang='lat' dir='ltr'>puero</span> <span class='ocrx_word' id='word_1_30' title='bbox 643 862 785 927; x_wconf 87' lang='lat' dir='ltr'>vocativi</span> <span class='ocrx_word' id='word_1_31' title='bbox 806 883 867 927; x_wconf 91' lang='lat' dir='ltr'>usu</span> <span class='ocrx_word' id='word_1_32' title='bbox 883 861 1038 943; x_wconf 86' lang='lat' dir='ltr'>venirent,</span> <span class='ocrx_word' id='word_1_33' title='bbox 1063 859 1161 935; x_wconf 86' lang='lat' dir='ltr'>etiam</span> <span class='ocrx_word' id='word_1_34' title='bbox 1171 858 1324 931; x_wconf 82' lang='lat' dir='ltr'>breviore</span> 
     </span>
     <span class='ocr_line' id='line_1_6' title="bbox 97 962 1324 1052; baseline 0.001 -25"><span class='ocrx_word' id='word_1_35' title='bbox 97 964 202 1029; x_wconf 85' lang='lat' dir='ltr'>forma</span> <span class='ocrx_word' id='word_1_36' title='bbox 229 965 275 1029; x_wconf 90' lang='lat' dir='ltr'>uti</span> <span class='ocrx_word' id='word_1_37' title='bbox 299 965 450 1052; x_wconf 89' lang='lat' dir='ltr'>potuisse.</span> <span class='ocrx_word' id='word_1_38' title='bbox 496 967 574 1029; x_wconf 90' lang='lat' dir='ltr'>citat</span> <span class='ocrx_word' id='word_1_39' title='bbox 601 963 704 1051; x_wconf 89' lang='lat' dir='ltr'>igitur</span> <span class='ocrx_word' id='word_1_40' title='bbox 735 975 833 1030; x_wconf 89' lang='lat' dir='ltr'>testes</span> <span class='ocrx_word' id='word_1_41' title='bbox 868 963 1053 1028; x_wconf 80' lang='lat' dir='ltr'>Terentium</span> <span class='ocrx_word' id='word_1_42' title='bbox 1087 973 1118 1026; x_wconf 91' lang='lat' dir='ltr'>et</span> <span class='ocrx_word' id='word_1_43' title='bbox 1150 962 1324 1028; x_wconf 82' lang='lat' dir='ltr'>Afranium</span> 
     </span>
     <span class='ocr_line' id='line_1_7' title="bbox 98 1062 1323 1152; baseline -0.001 -21"><span class='ocrx_word' id='word_1_44' title='bbox 98 1066 216 1132; x_wconf 92' lang='lat' dir='ltr'>Plauto</span> <span class='ocrx_word' id='word_1_45' title='bbox 239 1066 430 1152; x_wconf 86' lang='lat' dir='ltr'>posteriores</span> <span class='ocrx_word' id='word_1_46' title='bbox 454 1078 485 1133; x_wconf 91' lang='lat' dir='ltr'>et</span> <span class='ocrx_word' id='word_1_47' title='bbox 512 1066 698 1145; x_wconf 75' lang='lat' dir='ltr'>Caecilium,</span> <span class='ocrx_word' id='word_1_48' title='bbox 722 1090 818 1152; x_wconf 89' lang='lat' dir='ltr'>quem</span> <span class='ocrx_word' id='word_1_49' title='bbox 837 1067 930 1145; x_wconf 90' lang='lat' dir='ltr'>,male</span> <span class='ocrx_word' id='word_1_50' title='bbox 947 1067 1091 1132; x_wconf 90' lang='lat' dir='ltr'>locutum</span> <span class='ocrx_word' id='word_1_51' title='bbox 1106 1075 1185 1130; x_wconf 88' lang='lat' dir='ltr'>esse‘</span> <span class='ocrx_word' id='word_1_52' title='bbox 1208 1062 1323 1131; x_wconf 76' lang='lat' dir='ltr'>(licere</span> 
     </span>
     <span class='ocr_line' id='line_1_8' title="bbox 99 1166 1322 1254; baseline -0.002 -21"><span class='ocrx_word' id='word_1_53' title='bbox 99 1169 206 1253; x_wconf 84' lang='lat' dir='ltr'>(Brut.</span> <span class='ocrx_word' id='word_1_54' title='bbox 222 1169 299 1254; x_wconf 74' lang='lat'>258)</span> <span class='ocrx_word' id='word_1_55' title='bbox 321 1180 466 1235; x_wconf 88' lang='lat' dir='ltr'>testatur.</span> <span class='ocrx_word' id='word_1_56' title='bbox 511 1171 568 1235; x_wconf 88' lang='lat' dir='ltr'>illa</span> <span class='ocrx_word' id='word_1_57' title='bbox 594 1180 700 1235; x_wconf 90' lang='lat' dir='ltr'>autem</span> <span class='ocrx_word' id='word_1_58' title='bbox 724 1171 805 1235; x_wconf 87' lang='lat' dir='ltr'>ratio</span> <span class='ocrx_word' id='word_1_59' title='bbox 829 1171 855 1234; x_wconf 92' lang='lat' dir='ltr'>si</span> <span class='ocrx_word' id='word_1_60' title='bbox 879 1169 956 1254; x_wconf 93' lang='lat' dir='ltr'>quid</span> <span class='ocrx_word' id='word_1_61' title='bbox 978 1168 1073 1246; x_wconf 87' lang='lat' dir='ltr'>valet,</span> <span class='ocrx_word' id='word_1_62' title='bbox 1096 1166 1207 1233; x_wconf 80' lang='lat' dir='ltr'>licebit</span> <span class='ocrx_word' id='word_1_63' title='bbox 1228 1167 1322 1233; x_wconf 89' lang='lat' dir='ltr'>inter-</span> 
     </span>
     <span class='ocr_line' id='line_1_9' title="bbox 99 1271 1323 1358; baseline -0.001 -23"><span class='ocrx_word' id='word_1_64' title='bbox 99 1293 229 1358; x_wconf 88' lang='lat' dir='ltr'>rogare,</span> <span class='ocrx_word' id='word_1_65' title='bbox 256 1296 334 1338; x_wconf 91' lang='lat' dir='ltr'>num</span> <span class='ocrx_word' id='word_1_66' title='bbox 356 1274 490 1338; x_wconf 76' lang='lat' dir='ltr'>sortasse</span> <span class='ocrx_word' id='word_1_67' title='bbox 512 1273 648 1338; x_wconf 87' lang='lat' dir='ltr'>Plautus</span> <span class='ocrx_word' id='word_1_68' title='bbox 670 1273 703 1337; x_wconf 90' lang='lat' dir='ltr'>in</span> <span class='ocrx_word' id='word_1_69' title='bbox 726 1272 900 1349; x_wconf 88' lang='lat' dir='ltr'>Pseudulo,</span> <span class='ocrx_word' id='word_1_70' title='bbox 923 1294 1021 1356; x_wconf 90' lang='lat' dir='ltr'>quam</span> <span class='ocrx_word' id='word_1_71' title='bbox 1043 1282 1075 1335; x_wconf 89' lang='lat' dir='ltr'>et</span> <span class='ocrx_word' id='word_1_72' title='bbox 1096 1271 1201 1357; x_wconf 81' lang='lat' dir='ltr'>ipsam</span> <span class='ocrx_word' id='word_1_73' title='bbox 1223 1291 1323 1353; x_wconf 87' lang='lat' dir='ltr'>senex</span> 
     </span>
     <span class='ocr_line' id='line_1_10' title="bbox 97 1374 1323 1461; baseline -0.001 -22"><span class='ocrx_word' id='word_1_74' title='bbox 97 1375 243 1461; x_wconf 84' lang='lat' dir='ltr'>scripsit,</span> <span class='ocrx_word' id='word_1_75' title='bbox 273 1374 418 1440; x_wconf 86' lang='lat' dir='ltr'>breviore</span> <span class='ocrx_word' id='word_1_76' title='bbox 446 1377 551 1440; x_wconf 82' lang='lat' dir='ltr'>forma</span> <span class='ocrx_word' id='word_1_77' title='bbox 582 1399 656 1440; x_wconf 91' lang='lat' dir='ltr'>usus</span> <span class='ocrx_word' id='word_1_78' title='bbox 684 1376 734 1440; x_wconf 86' lang='lat' dir='ltr'>sit.</span> <span class='ocrx_word' id='word_1_79' title='bbox 779 1387 811 1439; x_wconf 90' lang='lat' dir='ltr'>at</span> <span class='ocrx_word' id='word_1_80' title='bbox 831 1376 951 1440; x_wconf 87' lang='lat' dir='ltr'>frustra</span> <span class='ocrx_word' id='word_1_81' title='bbox 968 1375 1052 1438; x_wconf 89' lang='lat' dir='ltr'>hanc</span> <span class='ocrx_word' id='word_1_82' title='bbox 1068 1375 1204 1438; x_wconf 84' lang='lat' dir='ltr'>formam</span> <span class='ocrx_word' id='word_1_83' title='bbox 1226 1393 1323 1457; x_wconf 85' lang='lat' dir='ltr'>quae·</span> 
     </span>
     <span class='ocr_line' id='line_1_11' title="bbox 97 1474 1412 1562; baseline -0.002 -22"><span class='ocrx_word' id='word_1_84' title='bbox 97 1498 149 1541; x_wconf 86' lang='lat' dir='ltr'>ree</span> <span class='ocrx_word' id='word_1_85' title='bbox 183 1478 295 1542; x_wconf 81' lang='lat' dir='ltr'>Pseud.</span> <span class='ocrx_word' id='word_1_86' title='bbox 323 1502 352 1545; x_wconf 90' lang='lat' dir='ltr'>v.</span> <span class='ocrx_word' id='word_1_87' title='bbox 383 1478 455 1543; x_wconf 81' lang='lat'>170.</span> <span class='ocrx_word' id='word_1_88' title='bbox 490 1479 562 1542; x_wconf 77' lang='lat'>241.</span> <span class='ocrx_word' id='word_1_89' title='bbox 597 1479 668 1542; x_wconf 81' lang='lat'><strong>242.</strong></span> <span class='ocrx_word' id='word_1_90' title='bbox 703 1478 781 1555; x_wconf 78' lang='lat'>249,</span> <span class='ocrx_word' id='word_1_91' title='bbox 829 1498 1025 1562; x_wconf 86' lang='lat' dir='ltr'>quamquam</span> <span class='ocrx_word' id='word_1_92' title='bbox 1059 1499 1088 1539; x_wconf 93' lang='lat' dir='ltr'>v.</span> <span class='ocrx_word' id='word_1_93' title='bbox 1124 1474 1186 1539; x_wconf 82' lang='lat'>241</span> <span class='ocrx_word' id='word_1_94' title='bbox 1227 1483 1323 1559; x_wconf 88' lang='lat' dir='ltr'>poeta</span> <span class='ocrx_word' id='word_1_95' title='bbox 1410 1503 1412 1508; x_wconf 95' lang='lat'>·</span> 
     </span>
     <span class='ocr_line' id='line_1_12' title="bbox 97 1577 1323 1667; baseline 0 -25"><span class='ocrx_word' id='word_1_96' title='bbox 97 1581 167 1644; x_wconf 90' lang='lat' dir='ltr'>sine</span> <span class='ocrx_word' id='word_1_97' title='bbox 200 1581 293 1645; x_wconf 90' lang='lat' dir='ltr'>metri</span> <span class='ocrx_word' id='word_1_98' title='bbox 320 1581 511 1646; x_wconf 90' lang='lat' dir='ltr'>detrimento</span> <span class='ocrx_word' id='word_1_99' title='bbox 545 1605 616 1645; x_wconf 88' lang='lat' dir='ltr'>eam</span> <span class='ocrx_word' id='word_1_100' title='bbox 647 1580 766 1645; x_wconf 88' lang='lat' dir='ltr'>inferre</span> <span class='ocrx_word' id='word_1_101' title='bbox 801 1579 913 1667; x_wconf 83' lang='lat' dir='ltr'>potuit.</span> <span class='ocrx_word' id='word_1_102' title='bbox 957 1601 1056 1663; x_wconf 85' lang='lat' dir='ltr'>quam</span> <span class='ocrx_word' id='word_1_103' title='bbox 1087 1577 1182 1642; x_wconf 84' lang='lat' dir='ltr'>facile</span> <span class='ocrx_word' id='word_1_104' title='bbox 1211 1586 1323 1643; x_wconf 84' lang='lat' dir='ltr'>autem</span> 
     </span>
     <span class='ocr_line' id='line_1_13' title="bbox 97 1679 1323 1768; baseline -0.002 -22"><span class='ocrx_word' id='word_1_105' title='bbox 97 1683 345 1768; x_wconf 85' lang='lat' dir='ltr'>grammaticus,</span> <span class='ocrx_word' id='word_1_106' title='bbox 383 1695 419 1749; x_wconf 92' lang='lat' dir='ltr'>ut</span> <span class='ocrx_word' id='word_1_107' title='bbox 453 1707 582 1748; x_wconf 89' lang='lat' dir='ltr'>versum</span> <span class='ocrx_word' id='word_1_108' title='bbox 621 1685 654 1747; x_wconf 90' lang='lat' dir='ltr'>in</span> <span class='ocrx_word' id='word_1_109' title='bbox 695 1684 758 1748; x_wconf 88' lang='lat' dir='ltr'>fine</span> <span class='ocrx_word' id='word_1_110' title='bbox 798 1682 947 1748; x_wconf 92' lang='lat' dir='ltr'>mutilum</span> <span class='ocrx_word' id='word_1_111' title='bbox 983 1681 1143 1766; x_wconf 86' lang='lat' dir='ltr'>expleret,</span> <span class='ocrx_word' id='word_1_112' title='bbox 1182 1679 1217 1744; x_wconf 89' lang='lat' dir='ltr'>in</span> <span class='ocrx_word' id='word_1_113' title='bbox 1249 1701 1323 1744; x_wconf 88' lang='lat' dir='ltr'>serv</span> 
     </span>
     <span class='ocr_line' id='line_1_14' title="bbox 97 1781 1323 1871; baseline -0.002 -23"><span class='ocrx_word' id='word_1_114' title='bbox 97 1785 266 1851; x_wconf 89' lang='lat' dir='ltr'>cuiusdam</span> <span class='ocrx_word' id='word_1_115' title='bbox 289 1787 481 1852; x_wconf 89' lang='lat' dir='ltr'>mentionem</span> <span class='ocrx_word' id='word_1_116' title='bbox 506 1786 647 1852; x_wconf 89' lang='lat' dir='ltr'>incidere</span> <span class='ocrx_word' id='word_1_117' title='bbox 671 1786 821 1871; x_wconf 91' lang='lat' dir='ltr'>potuerit,</span> <span class='ocrx_word' id='word_1_118' title='bbox 859 1808 900 1850; x_wconf 91' lang='lat' dir='ltr'>ex</span> <span class='ocrx_word' id='word_1_119' title='bbox 922 1785 1000 1871; x_wconf 91' lang='lat' dir='ltr'>ipsis</span> <span class='ocrx_word' id='word_1_120' title='bbox 1023 1783 1194 1849; x_wconf 81' lang='lat' dir='ltr'>Diniarchi</span> <span class='ocrx_word' id='word_1_121' title='bbox 1216 1781 1323 1851; x_wconf 90' lang='lat' dir='ltr'>verbis</span> 
     </span>
     <span class='ocr_line' id='line_1_15' title="bbox 101 1888 314 1954; baseline 0.005 -3"><span class='ocrx_word' id='word_1_122' title='bbox 101 1888 179 1952; x_wconf 90' lang='lat' dir='ltr'>satis</span> <span class='ocrx_word' id='word_1_123' title='bbox 203 1889 314 1954; x_wconf 90' lang='lat' dir='ltr'>elucet.</span> 
     </span>
    </p>
   </div>
   <div class='ocr_carea' id='block_1_3' title="bbox 95 2005 1324 3469">
    <p class='ocr_par' dir='ltr' id='par_1_3' title="bbox 109 2005 581 2098">
     <span class='ocr_line' id='line_1_16' title="bbox 109 2005 581 2098; baseline 0.008 -29"><span class='ocrx_word' id='word_1_124' title='bbox 109 2041 113 2047; x_wconf 87' lang='grc'><em>·</em></span> <span class='ocrx_word' id='word_1_125' title='bbox 188 2005 272 2072; x_wconf 80' lang='lat' dir='ltr'>Troo.</span> <span class='ocrx_word' id='word_1_126' title='bbox 294 2006 357 2072; x_wconf 82' lang='lat'>378</span> <span class='ocrx_word' id='word_1_127' title='bbox 578 2093 581 2098; x_wconf 21' lang='grc' dir='ltr'>Ι</span> 
     </span>
    </p>

    <p class='ocr_par' dir='ltr' id='par_1_4' title="bbox 139 2124 920 2220">
     <span class='ocr_line' id='line_1_17' title="bbox 139 2124 920 2220; baseline 0.005 -31"><span class='ocrx_word' id='word_1_128' title='bbox 139 2124 183 2189; x_wconf 94' lang='lat' dir='ltr'>P:</span> <span class='ocrx_word' id='word_1_129' title='bbox 216 2125 288 2189; x_wconf 91' lang='lat' dir='ltr'>Iam</span> <span class='ocrx_word' id='word_1_130' title='bbox 310 2127 448 2220; x_wconf 80' lang='lat' dir='ltr'>lauta’s‘?</span> <span class='ocrx_word' id='word_1_131' title='bbox 491 2128 568 2193; x_wconf 91' lang='lat' dir='ltr'>iam</span> <span class='ocrx_word' id='word_1_132' title='bbox 595 2129 659 2214; x_wconf 92' lang='lat' dir='ltr'>pol</span> <span class='ocrx_word' id='word_1_133' title='bbox 686 2130 765 2193; x_wconf 92' lang='lat' dir='ltr'>mihi</span> <span class='ocrx_word' id='word_1_134' title='bbox 789 2128 920 2213; x_wconf 88' lang='lat' dir='ltr'>quidem</span> 
     </span>
    </p>

    <p class='ocr_par' dir='ltr' id='par_1_5' title="bbox 95 2227 1324 3469">
     <span class='ocr_line' id='line_1_18' title="bbox 140 2227 852 2318; baseline 0.006 -27"><span class='ocrx_word' id='word_1_135' title='bbox 140 2228 190 2292; x_wconf 89' lang='lat' dir='ltr'>A:</span> <span class='ocrx_word' id='word_1_136' title='bbox 223 2227 294 2293; x_wconf 90' lang='lat' dir='ltr'>Iam</span> <span class='ocrx_word' id='word_1_137' title='bbox 317 2229 455 2295; x_wconf 80' lang='lat' dir='ltr'>lauta’s‘?</span> <span class='ocrx_word' id='word_1_138' title='bbox 478 2230 587 2296; x_wconf 89' lang='lat' dir='ltr'>lauta</span> <span class='ocrx_word' id='word_1_139' title='bbox 610 2231 688 2296; x_wconf 92' lang='lat' dir='ltr'>mihi</span> <span class='ocrx_word' id='word_1_140' title='bbox 711 2232 852 2318; x_wconf 87' lang='lat' dir='ltr'>quidem.</span> 
     </span>
     <span class='ocr_line' id='line_1_19' title="bbox 95 2348 1322 2440; baseline 0.002 -29"><span class='ocrx_word' id='word_1_141' title='bbox 95 2348 136 2411; x_wconf 91' lang='lat' dir='ltr'>de</span> <span class='ocrx_word' id='word_1_142' title='bbox 159 2372 222 2432; x_wconf 92' lang='lat' dir='ltr'>quo</span> <span class='ocrx_word' id='word_1_143' title='bbox 246 2371 319 2414; x_wconf 91' lang='lat' dir='ltr'>cum</span> <span class='ocrx_word' id='word_1_144' title='bbox 340 2350 385 2415; x_wconf 91' lang='lat' dir='ltr'>ita</span> <span class='ocrx_word' id='word_1_145' title='bbox 408 2351 546 2416; x_wconf 89' lang='lat' dir='ltr'>disserat</span> <span class='ocrx_word' id='word_1_146' title='bbox 567 2351 741 2437; x_wconf 89' lang='lat' dir='ltr'>Niemeyer</span> <span class='ocrx_word' id='word_1_147' title='bbox 762 2377 793 2440; x_wconf 92' lang='lat' dir='ltr'>p.</span> <span class='ocrx_word' id='word_1_148' title='bbox 811 2353 868 2416; x_wconf 83' lang='lat'>10:</span> <span class='ocrx_word' id='word_1_149' title='bbox 891 2349 947 2430; x_wconf 89' lang='lat' dir='ltr'>,Ut</span> <span class='ocrx_word' id='word_1_150' title='bbox 961 2371 1101 2432; x_wconf 83' lang='lat' dir='ltr'>versum,</span> <span class='ocrx_word' id='word_1_151' title='bbox 1126 2349 1182 2434; x_wconf 93' lang='lat' dir='ltr'>qui</span> <span class='ocrx_word' id='word_1_152' title='bbox 1203 2348 1322 2414; x_wconf 89' lang='lat' dir='ltr'>omissa</span> 
     </span>
     <span class='ocr_line' id='line_1_20' title="bbox 95 2451 1321 2538; baseline 0.004 -26"><span class='ocrx_word' id='word_1_153' title='bbox 95 2472 175 2514; x_wconf 89' lang='lat' dir='ltr'>voce</span> <span class='ocrx_word' id='word_1_154' title='bbox 204 2452 288 2514; x_wconf 83' lang='lat' dir='ltr'>lauta</span> <span class='ocrx_word' id='word_1_155' title='bbox 312 2467 384 2537; x_wconf 90' lang='lat' dir='ltr'>post</span> <span class='ocrx_word' id='word_1_156' title='bbox 407 2455 492 2517; x_wconf 76' lang='lat' dir='ltr'>laura</span> <span class='ocrx_word' id='word_1_157' title='bbox 515 2477 543 2519; x_wconf 83' lang='lat' dir='ltr'>es</span> <span class='ocrx_word' id='word_1_158' title='bbox 567 2467 745 2538; x_wconf 87' lang='lat' dir='ltr'>corruerat,</span> <span class='ocrx_word' id='word_1_159' title='bbox 776 2463 919 2536; x_wconf 85' lang='lat' dir='ltr'>sanaret,</span> <span class='ocrx_word' id='word_1_160' title='bbox 950 2451 1122 2518; x_wconf 84' lang='lat' dir='ltr'>correctori</span> <span class='ocrx_word' id='word_1_161' title='bbox 1143 2473 1257 2518; x_wconf 87' lang='lat' dir='ltr'>versus</span> <span class='ocrx_word' id='word_1_162' title='bbox 1279 2451 1321 2517; x_wconf 81' lang='lat'>28</span> 
     </span>
     <span class='ocr_line' id='line_1_21' title="bbox 95 2551 1324 2644; baseline 0.002 -29"><span class='ocrx_word' id='word_1_163' title='bbox 95 2551 188 2638; x_wconf 63' lang='lat'><strong>(319)</strong></span> <span class='ocrx_word' id='word_1_164' title='bbox 212 2553 307 2631; x_wconf 89' lang='lat' dir='ltr'>„Non</span> <span class='ocrx_word' id='word_1_165' title='bbox 330 2557 384 2641; x_wconf 94' lang='lat' dir='ltr'>pol</span> <span class='ocrx_word' id='word_1_166' title='bbox 408 2557 488 2621; x_wconf 93' lang='lat' dir='ltr'>mihi</span> <span class='ocrx_word' id='word_1_167' title='bbox 511 2559 662 2642; x_wconf 87' lang='lat' dir='ltr'>quidem“</span> <span class='ocrx_word' id='word_1_168' title='bbox 680 2559 752 2623; x_wconf 92' lang='lat' dir='ltr'>usui</span> <span class='ocrx_word' id='word_1_169' title='bbox 767 2558 838 2622; x_wconf 85' lang='lat' dir='ltr'>fuit.</span> <span class='ocrx_word' id='word_1_170' title='bbox 882 2555 1129 2644; x_wconf 89' lang='lat' dir='ltr'>praeclarum</span> <span class='ocrx_word' id='word_1_171' title='bbox 1153 2575 1245 2618; x_wconf 88' lang='lat' dir='ltr'>sane</span> <span class='ocrx_word' id='word_1_172' title='bbox 1268 2564 1324 2618; x_wconf 87' lang='lat' dir='ltr'>est</span> 
     </span>
     <span class='ocr_line' id='line_1_22' title="bbox 95 2657 1321 2748; baseline 0.002 -30"><span class='ocrx_word' id='word_1_173' title='bbox 95 2657 360 2741; x_wconf 74' lang='lat' dir='ltr'>exempluml‘,</span> <span class='ocrx_word' id='word_1_174' title='bbox 384 2660 417 2723; x_wconf 90' lang='lat' dir='ltr'>in</span> <span class='ocrx_word' id='word_1_175' title='bbox 436 2659 508 2725; x_wconf 90' lang='lat' dir='ltr'>luce</span> <span class='ocrx_word' id='word_1_176' title='bbox 532 2662 672 2748; x_wconf 82' lang='lat' dir='ltr'>caligare</span> <span class='ocrx_word' id='word_1_177' title='bbox 690 2662 812 2725; x_wconf 88' lang='lat' dir='ltr'>mavult</span> <span class='ocrx_word' id='word_1_178' title='bbox 836 2661 885 2726; x_wconf 90' lang='lat' dir='ltr'>vir</span> <span class='ocrx_word' id='word_1_179' title='bbox 912 2660 1034 2741; x_wconf 87' lang='lat' dir='ltr'>doctus,</span> <span class='ocrx_word' id='word_1_180' title='bbox 1059 2680 1160 2742; x_wconf 85' lang='lat' dir='ltr'>quam</span> <span class='ocrx_word' id='word_1_181' title='bbox 1172 2657 1321 2722; x_wconf 87' lang='lat' dir='ltr'>facetiam</span> 
     </span>
     <span class='ocr_line' id='line_1_23' title="bbox 95 2757 1321 2849; baseline 0.007 -29"><span class='ocrx_word' id='word_1_182' title='bbox 95 2757 191 2822; x_wconf 90' lang='lat' dir='ltr'>huius</span> <span class='ocrx_word' id='word_1_183' title='bbox 215 2763 369 2825; x_wconf 91' lang='lat' dir='ltr'>sermonis</span> <span class='ocrx_word' id='word_1_184' title='bbox 393 2764 539 2847; x_wconf 87' lang='lat' dir='ltr'>quamvis</span> <span class='ocrx_word' id='word_1_185' title='bbox 563 2778 707 2848; x_wconf 85' lang='lat' dir='ltr'>apertam</span> <span class='ocrx_word' id='word_1_186' title='bbox 730 2764 929 2849; x_wconf 85' lang='lat' dir='ltr'>intellegere.</span> <span class='ocrx_word' id='word_1_187' title='bbox 974 2761 1204 2839; x_wconf 88' lang='lat' dir='ltr'>Phronesium,</span> <span class='ocrx_word' id='word_1_188' title='bbox 1237 2783 1321 2847; x_wconf 84' lang='lat' dir='ltr'>quae</span> 
     </span>
     <span class='ocr_line' id='line_1_24' title="bbox 95 2859 1322 2954; baseline 0.005 -31"><span class='ocrx_word' id='word_1_189' title='bbox 95 2859 236 2926; x_wconf 90' lang='lat' dir='ltr'>lavando</span> <span class='ocrx_word' id='word_1_190' title='bbox 258 2863 392 2929; x_wconf 84' lang='lat' dir='ltr'>nimium</span> <span class='ocrx_word' id='word_1_191' title='bbox 418 2876 542 2953; x_wconf 86' lang='lat' dir='ltr'>tempus</span> <span class='ocrx_word' id='word_1_192' title='bbox 566 2878 820 2954; x_wconf 83' lang='lat' dir='ltr'>consumpserat,</span> <span class='ocrx_word' id='word_1_193' title='bbox 847 2866 993 2932; x_wconf 85' lang='lat' dir='ltr'>illudens</span> <span class='ocrx_word' id='word_1_194' title='bbox 1008 2864 1207 2931; x_wconf 87' lang='lat' dir='ltr'>Diniarchus</span> <span class='ocrx_word' id='word_1_195' title='bbox 1227 2865 1322 2929; x_wconf 88' lang='lat' dir='ltr'>iuter-</span> 
     </span>
     <span class='ocr_line' id='line_1_25' title="bbox 95 2965 1323 3054; baseline 0.006 -29"><span class='ocrx_word' id='word_1_196' title='bbox 95 2974 188 3048; x_wconf 86' lang='lat' dir='ltr'>rogat</span> <span class='ocrx_word' id='word_1_197' title='bbox 221 2965 306 3042; x_wconf 90' lang='lat' dir='ltr'>‚iam</span> <span class='ocrx_word' id='word_1_198' title='bbox 334 2968 442 3034; x_wconf 87' lang='lat' dir='ltr'>lauta</span> <span class='ocrx_word' id='word_1_199' title='bbox 469 2970 562 3054; x_wconf 79' lang='lat' dir='ltr'>es?⁴;</span> <span class='ocrx_word' id='word_1_200' title='bbox 600 2971 652 3035; x_wconf 90' lang='lat' dir='ltr'>cui</span> <span class='ocrx_word' id='word_1_201' title='bbox 681 2970 896 3036; x_wconf 90' lang='lat' dir='ltr'>Phronesium</span> <span class='ocrx_word' id='word_1_202' title='bbox 924 2969 1033 3034; x_wconf 88' lang='lat' dir='ltr'>dedita</span> <span class='ocrx_word' id='word_1_203' title='bbox 1062 2989 1160 3053; x_wconf 89' lang='lat' dir='ltr'>opera</span> <span class='ocrx_word' id='word_1_204' title='bbox 1187 2988 1323 3033; x_wconf 88' lang='lat' dir='ltr'>acumen</span> 
     </span>
     <span class='ocr_line' id='line_1_26' title="bbox 97 3064 1322 3159; baseline 0.005 -32"><span class='ocrx_word' id='word_1_205' title='bbox 97 3064 212 3130; x_wconf 93' lang='lat' dir='ltr'>horum</span> <span class='ocrx_word' id='word_1_206' title='bbox 237 3070 409 3138; x_wconf 90' lang='lat' dir='ltr'>verborum</span> <span class='ocrx_word' id='word_1_207' title='bbox 432 3073 612 3159; x_wconf 86' lang='lat' dir='ltr'>perplexim</span> <span class='ocrx_word' id='word_1_208' title='bbox 633 3074 845 3159; x_wconf 88' lang='lat' dir='ltr'>interpretata</span> <span class='ocrx_word' id='word_1_209' title='bbox 859 3071 1031 3158; x_wconf 89' lang='lat' dir='ltr'>respondet</span> <span class='ocrx_word' id='word_1_210' title='bbox 1053 3071 1129 3153; x_wconf 88' lang='lat' dir='ltr'>,iam</span> <span class='ocrx_word' id='word_1_211' title='bbox 1151 3071 1206 3156; x_wconf 92' lang='lat' dir='ltr'>pol</span> <span class='ocrx_word' id='word_1_212' title='bbox 1228 3070 1322 3134; x_wconf 93' lang='lat' dir='ltr'>mihi</span> 
     </span>
     <span class='ocr_line' id='line_1_27' title="bbox 97 3169 1322 3251; baseline 0.006 -20"><span class='ocrx_word' id='word_1_213' title='bbox 97 3169 229 3251; x_wconf 88' lang='lat' dir='ltr'>quidem</span> <span class='ocrx_word' id='word_1_214' title='bbox 267 3225 273 3238; x_wconf 92' lang='lat'><strong>.</strong></span> <span class='ocrx_word' id='word_1_215' title='bbox 302 3226 309 3241; x_wconf 91' lang='lat'><strong><em>.</em></strong></span> <span class='ocrx_word' id='word_1_216' title='bbox 337 3225 343 3240; x_wconf 93' lang='lat'><strong>.</strong></span> <span class='ocrx_word' id='word_1_217' title='bbox 378 3199 455 3240; x_wconf 91' lang='lat' dir='ltr'>num</span> <span class='ocrx_word' id='word_1_218' title='bbox 493 3177 567 3241; x_wconf 91' lang='lat' dir='ltr'>tibi</span> <span class='ocrx_word' id='word_1_219' title='bbox 605 3177 736 3241; x_wconf 91' lang='lat' dir='ltr'>sordere</span> <span class='ocrx_word' id='word_1_220' title='bbox 774 3175 922 3241; x_wconf 80' lang='lat' dir='ltr'>videor?‘</span> <span class='ocrx_word' id='word_1_221' title='bbox 980 3172 1114 3240; x_wconf 90' lang='lat' dir='ltr'>ridicule</span> <span class='ocrx_word' id='word_1_222' title='bbox 1143 3173 1207 3237; x_wconf 86' lang='lat' dir='ltr'>iam</span> <span class='ocrx_word' id='word_1_223' title='bbox 1236 3195 1322 3238; x_wconf 92' lang='lat' dir='ltr'>nuuc</span> 
     </span>
     <span class='ocr_line' id='line_1_28' title="bbox 97 3270 1321 3364; baseline 0.002 -28"><span class='ocrx_word' id='word_1_224' title='bbox 97 3270 299 3341; x_wconf 89' lang='lat' dir='ltr'>Diniarchus</span> <span class='ocrx_word' id='word_1_225' title='bbox 327 3277 395 3341; x_wconf 91' lang='lat' dir='ltr'>eius</span> <span class='ocrx_word' id='word_1_226' title='bbox 422 3278 521 3344; x_wconf 88' lang='lat' dir='ltr'>verba</span> <span class='ocrx_word' id='word_1_227' title='bbox 546 3280 689 3344; x_wconf 87' lang='lat' dir='ltr'>imitatus</span> <span class='ocrx_word' id='word_1_228' title='bbox 724 3302 799 3356; x_wconf 88' lang='lat' dir='ltr'>,uon</span> <span class='ocrx_word' id='word_1_229' title='bbox 820 3280 895 3364; x_wconf 90' lang='lat' dir='ltr'>pol‘,</span> <span class='ocrx_word' id='word_1_230' title='bbox 919 3279 1034 3362; x_wconf 87' lang='lat' dir='ltr'>inquit,</span> <span class='ocrx_word' id='word_1_231' title='bbox 1056 3277 1147 3360; x_wconf 91' lang='lat' dir='ltr'>,mihi</span> <span class='ocrx_word' id='word_1_232' title='bbox 1170 3276 1321 3361; x_wconf 87' lang='lat' dir='ltr'>quidem‘.</span> 
     </span>
     <span class='ocr_line' id='line_1_29' title="bbox 100 3378 1322 3469; baseline -0.001 -26"><span class='ocrx_word' id='word_1_233' title='bbox 100 3400 184 3465; x_wconf 88' lang='lat' dir='ltr'>quae</span> <span class='ocrx_word' id='word_1_234' title='bbox 209 3378 408 3462; x_wconf 89' lang='lat' dir='ltr'>lepidissima</span> <span class='ocrx_word' id='word_1_235' title='bbox 429 3381 590 3446; x_wconf 89' lang='lat' dir='ltr'>cavillatio</span> <span class='ocrx_word' id='word_1_236' title='bbox 613 3381 841 3469; x_wconf 88' lang='lat' dir='ltr'>pessumdatur</span> <span class='ocrx_word' id='word_1_237' title='bbox 855 3382 1010 3469; x_wconf 85' lang='lat' dir='ltr'>languida</span> <span class='ocrx_word' id='word_1_238' title='bbox 1025 3380 1214 3469; x_wconf 89' lang='lat' dir='ltr'>repetitione</span> <span class='ocrx_word' id='word_1_239' title='bbox 1231 3379 1322 3445; x_wconf 87' lang='lat' dir='ltr'>verbi</span> 
     </span>
    </p>
   </div>
   <div class='ocr_carea' id='block_1_4' title="bbox 98 3481 1322 3671">
    <p class='ocr_par' dir='ltr' id='par_1_6' title="bbox 98 3481 1322 3671">
     <span class='ocr_line' id='line_1_30' title="bbox 100 3481 1322 3573; baseline 0.002 -29"><span class='ocrx_word' id='word_1_240' title='bbox 100 3483 202 3556; x_wconf 82' lang='lat' dir='ltr'>lauto,</span> <span class='ocrx_word' id='word_1_241' title='bbox 238 3481 326 3565; x_wconf 92' lang='lat' dir='ltr'>quod</span> <span class='ocrx_word' id='word_1_242' title='bbox 361 3483 395 3547; x_wconf 89' lang='lat' dir='ltr'>A</span> <span class='ocrx_word' id='word_1_243' title='bbox 424 3484 557 3570; x_wconf 89' lang='lat' dir='ltr'>praebet</span> <span class='ocrx_word' id='word_1_244' title='bbox 586 3485 628 3550; x_wconf 91' lang='lat' dir='ltr'>ab</span> <span class='ocrx_word' id='word_1_245' title='bbox 656 3486 885 3573; x_wconf 88' lang='lat' dir='ltr'>interpolatore</span> <span class='ocrx_word' id='word_1_246' title='bbox 913 3507 954 3551; x_wconf 88' lang='lat' dir='ltr'>ex</span> <span class='ocrx_word' id='word_1_247' title='bbox 982 3483 1249 3550; x_wconf 87' lang='lat' dir='ltr'>antecedentibus</span> <span class='ocrx_word' id='word_1_248' title='bbox 1270 3482 1322 3547; x_wconf 90' lang='lat' dir='ltr'>de·</span> 
     </span>
     <span class='ocr_line' id='line_1_31' title="bbox 98 3592 273 3671; baseline -0.006 -23"><span class='ocrx_word' id='word_1_249' title='bbox 98 3592 273 3671; x_wconf 91' lang='lat' dir='ltr'>sumptum.</span> 
     </span>
    </p>
   </div>
   <div class='ocr_carea' id='block_1_5' title="bbox 187 3701 360 3768">
    <p class='ocr_par' dir='ltr' id='par_1_7' title="bbox 187 3701 360 3768">
     <span class='ocr_line' id='line_1_32' title="bbox 187 3701 360 3768; baseline 0 0"><span class='ocrx_word' id='word_1_250' title='bbox 187 3701 253 3768; x_wconf 82' lang='lat' dir='ltr'>Cas.</span> <span class='ocrx_word' id='word_1_251' title='bbox 276 3701 295 3766; x_wconf 95' lang='lat' dir='ltr'>I</span> <span class='ocrx_word' id='word_1_252' title='bbox 317 3703 360 3768; x_wconf 85' lang='grc'>49</span> 
     </span>
    </p>
   </div>
   <div class='ocr_carea' id='block_1_6' title="bbox 140 3817 1091 4005">
    <p class='ocr_par' dir='ltr' id='par_1_8' title="bbox 140 3817 1091 4005">
     <span class='ocr_line' id='line_1_33' title="bbox 141 3817 1091 3912; baseline 0.003 -25"><span class='ocrx_word' id='word_1_253' title='bbox 141 3821 186 3887; x_wconf 89' lang='lat' dir='ltr'>P:</span> <span class='ocrx_word' id='word_1_254' title='bbox 221 3820 299 3888; x_wconf 83' lang='lat' dir='ltr'>Siue</span> <span class='ocrx_word' id='word_1_255' title='bbox 327 3817 467 3888; x_wconf 89' lang='lat' dir='ltr'>amabo</span> <span class='ocrx_word' id='word_1_256' title='bbox 497 3825 593 3912; x_wconf 81' lang='lat' dir='ltr'>te[d]</span> <span class='ocrx_word' id='word_1_257' title='bbox 623 3827 763 3905; x_wconf 87' lang='lat' dir='ltr'>amari,</span> <span class='ocrx_word' id='word_1_258' title='bbox 786 3849 876 3893; x_wconf 89' lang='lat' dir='ltr'>meus</span> <span class='ocrx_word' id='word_1_259' title='bbox 898 3828 999 3894; x_wconf 84' lang='lat' dir='ltr'>festus</span> <span class='ocrx_word' id='word_1_260' title='bbox 1023 3826 1091 3892; x_wconf 92' lang='lat' dir='ltr'>dies</span> 
     </span>
     <span class='ocr_line' id='line_1_34' title="bbox 140 3923 977 4005; baseline 0.005 -16"><span class='ocrx_word' id='word_1_261' title='bbox 140 3924 190 3989; x_wconf 87' lang='lat' dir='ltr'>A:</span> <span class='ocrx_word' id='word_1_262' title='bbox 224 3923 301 3990; x_wconf 83' lang='lat' dir='ltr'>Sine</span> <span class='ocrx_word' id='word_1_263' title='bbox 322 3947 423 3991; x_wconf 86' lang='lat' dir='ltr'>vero</span> <span class='ocrx_word' id='word_1_264' title='bbox 441 3929 565 3992; x_wconf 89' lang='lat' dir='ltr'>amari</span> <span class='ocrx_word' id='word_1_265' title='bbox 589 3941 642 4005; x_wconf 90' lang='lat' dir='ltr'>te,</span> <span class='ocrx_word' id='word_1_266' title='bbox 664 3949 755 3992; x_wconf 91' lang='lat' dir='ltr'>meus</span> <span class='ocrx_word' id='word_1_267' title='bbox 778 3932 877 3993; x_wconf 88' lang='lat' dir='ltr'>festus</span> <span class='ocrx_word' id='word_1_268' title='bbox 900 3927 977 3994; x_wconf 87' lang='lat' dir='ltr'>dies.</span> 
     </span>
    </p>
   </div>
   <div class='ocr_carea' id='block_1_7' title="bbox 97 4045 1324 4651">
    <p class='ocr_par' dir='ltr' id='par_1_9' title="bbox 97 4045 1324 4651">
     <span class='ocr_line' id='line_1_35' title="bbox 154 4045 1322 4138; baseline 0.002 -26"><span class='ocrx_word' id='word_1_269' title='bbox 154 4056 157 4061; x_wconf 83' lang='lat'>&#39;</span> <span class='ocrx_word' id='word_1_270' title='bbox 184 4045 307 4113; x_wconf 89' lang='lat' dir='ltr'>Vocem</span> <span class='ocrx_word' id='word_1_271' title='bbox 323 4069 399 4121; x_wconf 77' lang='lat' dir='ltr'>aare,</span> <span class='ocrx_word' id='word_1_272' title='bbox 423 4068 521 4130; x_wconf 90' lang='lat' dir='ltr'>quam</span> <span class='ocrx_word' id='word_1_273' title='bbox 539 4046 625 4112; x_wconf 90' lang='lat' dir='ltr'>solus</span> <span class='ocrx_word' id='word_1_274' title='bbox 643 4047 730 4136; x_wconf 92' lang='lat' dir='ltr'>quod</span> <span class='ocrx_word' id='word_1_275' title='bbox 746 4047 846 4112; x_wconf 89' lang='lat' dir='ltr'>sciam</span> <span class='ocrx_word' id='word_1_276' title='bbox 862 4049 1044 4136; x_wconf 83' lang='lat' dir='ltr'>Geppertus</span> <span class='ocrx_word' id='word_1_277' title='bbox 1068 4048 1222 4126; x_wconf 88' lang='lat' dir='ltr'>defendit,</span> <span class='ocrx_word' id='word_1_278' title='bbox 1245 4071 1322 4138; x_wconf 78' lang='lat' dir='ltr'>prae</span> 
     </span>
     <span class='ocr_line' id='line_1_36' title="bbox 99 4147 1322 4239; baseline 0.005 -28"><span class='ocrx_word' id='word_1_279' title='bbox 99 4147 324 4213; x_wconf 89' lang='lat' dir='ltr'>Palatinorum</span> <span class='ocrx_word' id='word_1_280' title='bbox 341 4150 496 4213; x_wconf 89' lang='lat' dir='ltr'>memoria</span> <span class='ocrx_word' id='word_1_281' title='bbox 513 4171 577 4213; x_wconf 91' lang='lat' dir='ltr'>non</span> <span class='ocrx_word' id='word_1_282' title='bbox 589 4171 653 4212; x_wconf 90' lang='lat' dir='ltr'>uno</span> <span class='ocrx_word' id='word_1_283' title='bbox 669 4151 798 4215; x_wconf 85' lang='lat' dir='ltr'>nomine</span> <span class='ocrx_word' id='word_1_284' title='bbox 815 4151 1029 4239; x_wconf 90' lang='lat' dir='ltr'>spernendam</span> <span class='ocrx_word' id='word_1_285' title='bbox 1045 4152 1110 4217; x_wconf 87' lang='lat' dir='ltr'>iam</span> <span class='ocrx_word' id='word_1_286' title='bbox 1125 4151 1322 4218; x_wconf 87' lang='lat' dir='ltr'>Ritscbelius</span> 
     </span>
     <span class='ocr_line' id='line_1_37' title="bbox 100 4236 1322 4341; baseline 0.004 -27"><span class='ocrx_word' id='word_1_287' title='bbox 100 4250 203 4336; x_wconf 83' lang='lat' dir='ltr'>(Nece</span> <span class='ocrx_word' id='word_1_288' title='bbox 231 4253 363 4338; x_wconf 80' lang='lat' dir='ltr'>plautio.</span> <span class='ocrx_word' id='word_1_289' title='bbox 399 4252 534 4316; x_wconf 77' lang='lat' dir='ltr'>Eamrse</span> <span class='ocrx_word' id='word_1_290' title='bbox 562 4277 592 4340; x_wconf 92' lang='lat' dir='ltr'>p.</span> <span class='ocrx_word' id='word_1_291' title='bbox 615 4251 657 4318; x_wconf 89' lang='grc'>36</span> <span class='ocrx_word' id='word_1_292' title='bbox 680 4253 752 4318; x_wconf 90' lang='lat' dir='ltr'>adn.</span> <span class='ocrx_word' id='word_1_293' title='bbox 777 4236 819 4341; x_wconf 67' lang='lat'>2)</span> <span class='ocrx_word' id='word_1_294' title='bbox 844 4253 1019 4336; x_wconf 85' lang='lat' dir='ltr'>damnavit.</span> <span class='ocrx_word' id='word_1_295' title='bbox 1066 4253 1206 4332; x_wconf 86' lang='lat' dir='ltr'>accedit,</span> <span class='ocrx_word' id='word_1_296' title='bbox 1236 4238 1322 4339; x_wconf 92' lang='lat' dir='ltr'>quod</span> 
     </span>
     <span class='ocr_line' id='line_1_38' title="bbox 104 4342 1323 4444; baseline 0.004 -27"><span class='ocrx_word' id='word_1_297' title='bbox 104 4365 265 4419; x_wconf 89' lang='lat' dir='ltr'>corrector</span> <span class='ocrx_word' id='word_1_298' title='bbox 292 4353 503 4419; x_wconf 91' lang='lat' dir='ltr'>Ambrosiani</span> <span class='ocrx_word' id='word_1_299' title='bbox 531 4377 608 4420; x_wconf 89' lang='lat' dir='ltr'>voce</span> <span class='ocrx_word' id='word_1_300' title='bbox 635 4367 662 4420; x_wconf 80' lang='lat' dir='ltr'>te</span> <span class='ocrx_word' id='word_1_301' title='bbox 689 4342 883 4444; x_wconf 89' lang='lat' dir='ltr'>transposita</span> <span class='ocrx_word' id='word_1_302' title='bbox 915 4356 1033 4423; x_wconf 89' lang='lat' dir='ltr'>Plauto</span> <span class='ocrx_word' id='word_1_303' title='bbox 1061 4378 1172 4422; x_wconf 90' lang='lat' dir='ltr'>versus</span> <span class='ocrx_word' id='word_1_304' title='bbox 1200 4357 1323 4422; x_wconf 87' lang='lat' dir='ltr'>exitum</span> 
     </span>
     <span class='ocr_line' id='line_1_39' title="bbox 102 4455 1324 4550; baseline 0.005 -30"><span class='ocrx_word' id='word_1_305' title='bbox 102 4455 238 4522; x_wconf 88' lang='lat' dir='ltr'>obtrusit</span> <span class='ocrx_word' id='word_1_306' title='bbox 258 4461 339 4522; x_wconf 76' lang='lat' dir='ltr'>merla</span> <span class='ocrx_word' id='word_1_307' title='bbox 355 4458 452 4545; x_wconf 77' lang='lat' dir='ltr'>fastris</span> <span class='ocrx_word' id='word_1_308' title='bbox 468 4459 532 4522; x_wconf 70' lang='lat' dir='ltr'>dtas</span> <span class='ocrx_word' id='word_1_309' title='bbox 549 4459 662 4524; x_wconf 92' lang='lat' dir='ltr'>eodem</span> <span class='ocrx_word' id='word_1_310' title='bbox 682 4459 771 4539; x_wconf 89' lang='lat' dir='ltr'>vitio,</span> <span class='ocrx_word' id='word_1_311' title='bbox 795 4482 858 4550; x_wconf 92' lang='lat' dir='ltr'>quo</span> <span class='ocrx_word' id='word_1_312' title='bbox 878 4460 959 4524; x_wconf 77' lang='lat' dir='ltr'>Tria</span> <span class='ocrx_word' id='word_1_313' title='bbox 977 4459 1039 4524; x_wconf 88' lang='lat'>186</span> <span class='ocrx_word' id='word_1_314' title='bbox 1061 4483 1080 4524; x_wconf 90' lang='lat' dir='ltr'>a</span> <span class='ocrx_word' id='word_1_315' title='bbox 1101 4461 1200 4524; x_wconf 76' lang='lat' dir='ltr'>malda</span> <span class='ocrx_word' id='word_1_316' title='bbox 1215 4461 1324 4549; x_wconf 78' lang='lat' dir='ltr'>fomds</span> 
     </span>
     <span class='ocr_line' id='line_1_40' title="bbox 97 4560 492 4651; baseline 0.015 -27"><span class='ocrx_word' id='word_1_317' title='bbox 97 4561 201 4651; x_wconf 70' lang='lat' dir='ltr'>feritat</span> <span class='ocrx_word' id='word_1_318' title='bbox 224 4583 288 4629; x_wconf 90' lang='lat' dir='ltr'>non</span> <span class='ocrx_word' id='word_1_319' title='bbox 312 4560 492 4630; x_wconf 86' lang='lat' dir='ltr'>abhorruit.</span> 
     </span>
    </p>
   </div>
   <div class='ocr_carea' id='block_1_8' title="bbox 0 0 1576 5146">
    <p class='ocr_par' dir='ltr' id='par_1_10' title="bbox 0 0 1576 5146">
     <span class='ocr_line' id='line_1_41' title="bbox 0 0 1576 5146; baseline 0 0"><span class='ocrx_word' id='word_1_320' title='bbox 0 0 1576 5146; x_wconf 95' lang='lat' dir='ltr'> </span> 
     </span>
    </p>
   </div>
  </div>
 </body>
</html>
