3120 5138
756 279 797 349 19

165 485 365 575 pronominis
399 486 485 562 dunc,
519 486 610 553 cuius
644 510 685 553 ex
712 488 860 556 Muelleri
882 488 1033 576 prosodia
1066 512 1096 577 p.
1117 485 1182 553 319
1210 489 1291 553 haec
1325 484 1389 553 alia

166 588 317 675 exempla
345 588 424 654 cito:
447 588 561 675 Amph.
592 588 654 655 917
684 590 747 668 ‚vel
773 591 860 656 hunc
888 600 1000 676 rogato
1028 588 1165 655 Sosiam‘
1209 592 1305 678 spiri.
1327 590 1392 656 680

172 691 263 778 ,quid
287 691 374 757 hunc
396 691 562 757 sollicitas‘
589 692 675 757 1188.
691 693 755 758 620
778 693 852 771 ‚nisi
867 694 953 758 huno
967 715 988 758 a
1002 704 1033 758 te
1051 693 1161 780 abigo‘
1175 691 1319 781 (Schoell
1333 694 1390 781 ai).

213 793 307 859 Stich.
330 792 394 859 597
445 792 533 876 Quid
555 793 666 859 foras?
692 795 779 861 foras
801 794 909 862 hercle
926 817 1011 861 vero.
1055 796 1120 881 qui
1149 794 1289 862 malum
1318 795 1391 861 tibi

782 897 867 964 lasso
890 898 979 965 lubet

442 998 536 1064 Foris
559 1001 698 1068 cenare?

168 1102 216 1165 ita
236 1098 281 1178 P;
303 1099 344 1164 de
361 1099 579 1167 Ambrosiano
602 1102 730 1169 diversa
751 1102 935 1168 testimonia
950 1100 1073 1168 Iroewii
1091 1112 1201 1168 extare
1224 1101 1392 1179 videntur:

170 1203 322 1289 quicum
352 1204 386 1268 in
415 1205 509 1268 Anci.
540 1206 643 1269 Plau.
672 1227 704 1291 p.
735 1204 795 1271 183
822 1204 904 1273 haec
928 1204 1027 1270 dicat:
1052 1229 1093 1283 ,1.
1117 1205 1178 1270 597
1209 1206 1267 1269 :ibi
1294 1228 1313 1270 a
1340 1228 1394 1292 pa·

168 1305 335 1392 limpsesto
359 1304 465 1384 abest;
495 1328 600 1394 neque
622 1319 740 1386 tamen,
770 1306 875 1394 quode
899 1306 1090 1394 cogitaverit
1112 1307 1281 1395 quispiam,
1306 1329 1395 1394 prae-

170 1407 283 1494 figitur
304 1409 411 1472 versui
433 1408 488 1496 qui
506 1409 671 1496 sequitur‘‚
694 1411 727 1475 iu
751 1409 889 1474 editione
912 1408 1065 1475 Goetzius
1089 1430 1218 1474 versum
1242 1421 1396 1496 utsupra

172 1510 289 1596 scripsi
312 1506 470 1576 exhibe‘ns
493 1512 641 1578 adnotat:
678 1514 735 1591 ,sic
761 1510 794 1578 A
817 1513 879 1577 uisi
902 1512 988 1599 quod
1011 1513 1086 1598 quid
1111 1512 1227 1576 malum
1254 1521 1286 1576 et
1306 1512 1396 1591 liter,

174 1612 231 1677 ubi
247 1635 325 1678 casu
349 1614 502 1679 omissum
525 1626 604 1701 puto
626 1617 683 1678 tibi
702 1617 736 1680 in
752 1615 787 1680 A
808 1638 872 1680 non
888 1625 1009 1680 extare.
1046 1613 1171 1679 deletae
1186 1624 1294 1679 autem
1309 1614 1398 1679 18818

173 1717 232 1778 tibi
245 1737 316 1780 eam
328 1716 427 1780 fuisse
446 1738 586 1795 causam,
605 1718 691 1805 quod
708 1719 888 1804 8111818881
904 1716 1397 1795 11518811881811118111188181,

172 1839 271 1884 nemo
289 1841 354 1884 non
370 1819 468 1889 videt

220 1922 313 1991 Poen.
335 1920 399 1987 874
419 1921 454 1985 in
476 1919 506 1987 P
527 1921 574 1986 sic
595 1920 730 2006 legitur:

261 2021 385 2092 Verum
408 2023 492 2089 enim
521 2023 577 2111 qui
605 2023 701 2089 homo
729 2045 810 2089 eum,
831 2023 917 2089 norit

175 2123 386 2203 Ambrosiani
409 2135 580 2203 corrector,
603 2137 638 2191 ut
663 2110 742 2191 enim
764 2125 898 2203 vitaret,
929 2123 1057 2210 scripsit
1077 2146 1179 2188 ouum
1200 2126 1255 2210 qui
1276 2146 1300 2188 e.
1324 2148 1353 2210 q.
1376 2148 1398 2189 8.

221 2227 318 2290 Persa
339 2226 397 2293 341
436 2227 476 2290 P:
501 2227 618 2292 Utrirm
641 2226 676 2291 111
698 2249 756 2314 pro
778 2226 896 2292 ancilla
918 2248 969 2291 me
991 2225 1090 2292 habes

425 2324 472 2391 A:
497 2326 613 2394 Utrdm
636 2351 695 2413 pro
717 2327 835 2393 anciila
858 2351 908 2393 me
932 2328 1031 2393 habes

179 2428 436 2499 Ambrosianum
457 2430 614 2498 Palatinis
637 2431 749 2499 cedere
772 2431 868 2497 etiam
890 2430 1066 2517 Niemeyer
1087 2455 1119 2518 p.
1135 2430 1177 2496 26
1199 2429 1366 2495 consentit.

227 2532 406 2599 71881078
433 2531 480 2598 P:
503 2555 580 2617 quo
602 2545 643 2598 tu
666 2533 702 2599 te
724 2534 834 2620 agis?
878 2548 1018 2622 quonam
1040 2533 1100 2601 nisi
1124 2533 1278 2603 domum?

438 2631 496 2701 A:
509 2656 676 2720 quonam
700 2634 800 2700 11118
822 2635 927 2722 agis?
960 2657 1100 2724 quonam
1123 2635 1185 2701 nisi
1208 2633 1360 2701 domum?

181 2736 390 2804 Ambrosiani
416 2747 582 2802 corrector
604 2737 758 2804 metricus
781 2760 854 2804 cum
871 2761 1000 2803 versum
1022 2738 1102 2804 elisa
1121 2759 1201 2804 voce
1223 2749 1251 2802 18
1272 2736 1404 2824 legeret,

180 2837 348 2923 imperitus
375 2837 403 2903 is
426 2860 595 2903 mensurae
624 2840 654 2903 u
679 2841 760 2924 apris,
789 2849 891 2905 metro
920 2841 1086 2906 consulere
1108 2838 1231 2905 studuit
1252 2838 1405 2907 arcessito

182 2964 225 3007 ex
242 2940 388 3028 proxime
404 2940 648 3027 insequentibus
671 2964 819 3027 quonam
842 2943 882 3010 cf.
900 2965 983 3030 quae
999 2942 1039 3007 de
1056 2941 1406 3009 81181150911118018-
1522 2996 1524 3000 .

186 3043 396 3132 putabuntur.
412 3043 614 3109 ceterumhic
622 3065 734 3109 versus
742 3044 1015 3112 bisrecensionem
1023 3057 1176 3133 expertus
1188 3066 1258 3111 esse
1265 3042 1406 3121 videtur3

183 3146 305 3215 scilicet
337 3147 372 3211 in
397 3147 461 3212 fine
489 3147 630 3235 paginae
657 3145 863 3213 Ambrosiani
896 3146 1137 3214 Studemundus
1169 3147 1248 3235 legit
1275 3168 1407 3233 8888888

184 3273 258 3325 cero,
281 3250 368 3336 quod
383 3259 469 3315 18818
485 3271 557 3315 eum
575 3249 780 3335 interpretari
802 3273 933 3336 quorsom
955 3253 1124 3329 ermenairi
1138 3252 1262 3316 domum
1276 3272 1406 3339 prorsus

185 3363 308 3419 certum
337 3363 396 3417 est.
449 3351 558 3417 nescio
584 3365 691 3419 autem
724 3375 768 3420 an
790 3365 949 3419 corrector
976 3354 1114 3419 voluerit
1147 3353 1279 3431 ‚Eamus
1312 3352 1407 3419 intro.

187 3479 326 3545 quonam
349 3467 383 3525 tu
406 3466 438 3522 te
461 3455 553 3543 agis?
587 3479 728 3540 quonam
751 3477 861 3521 censes
886 3456 946 3520 nisi
969 3455 1135 3521 domum?‘

271 3558 373 3625 Miror
395 3558 481 3647 quod
503 3558 567 3627 viri
595 3559 683 3625 docti
704 3558 926 3629 Pnatinorum
955 3559 1141 3625 memoriam
1170 3557 1301 3625 omnino
1323 3577 1409 3645 spre-

187 3671 303 3728 verunt
325 3663 420 3726 Marc.
442 3661 507 3726 534

231 3763 277 3841 A:
311 3786 408 3853 quom
430 3763 529 3831 habet
549 3786 617 3836 rem
640 3763 748 3829 tecum

237 3866 280 3932 P:
315 3888 389 3932 cum
412 3866 519 3932 tecum
542 3866 611 3932 rem
632 3865 742 3931 habet.

190 3991 255 4058 quo
283 3969 353 4036 loco
391 3969 631 4036 collocationem
666 3967 839 4035 verborum
866 3967 901 4031 in
928 3966 1029 4031 altera
1059 3965 1245 4032 recensione
1279 3987 1411 4054 prorsus

188 4072 353 4139 inversam
368 4071 459 4137 casui
474 4071 526 4140 181
543 4070 688 4137 incuriae
704 4059 912 4136 librariorum*
931 4069 986 4134 vix
1002 4067 1208 4135 tribuendam
1224 4092 1295 4135 esse
1312 4068 1408 4135 facile
1442 4082 1444 4086 ’

192 4174 395 4249 concedetur.
439 4175 473 4240 in
500 4174 572 4261 pari
598 4196 676 4239 1818
705 4173 872 4260 utriusque
901 4173 1080 4260 scripturae
1109 4173 1252 4239 bonitate
1279 4172 1341 4237 hoc
1368 4172 1414 4239 in-

192 4277 307 4364 primis
328 4276 506 4344 videndum
528 4287 591 4354 est,
622 4276 655 4340 in
677 4297 742 4363 qua
763 4276 955 4344 recensione¹
970 4275 1052 4340 ratio
1074 4286 1105 4339 et
1127 4275 1296 4339 consilium
1318 4274 1414 4342 sorri-

193 4379 292 4466 gendi
323 4379 439 4466 dispici
468 4380 579 4464 possit.
623 4388 655 4442 et
682 4378 1004 4449 animadvertendum
1040 4389 1088 4444 est
1123 4376 1270 4443 ordinem
1298 4375 1416 4443 Palati·

196 4505 309 4548 uorum
339 4482 469 4549 defendi
497 4504 594 4549 versu
620 4479 841 4565 antecedenti,
876 4482 908 4547 in
936 4503 1000 4569 quo
1026 4481 1054 4546 si
1081 4478 1182 4547 verba
1208 4501 1324 4545 mecum
1352 4501 1417 4547 rem

1231 4600 1264 4659 2:
