3120 5138
674 295 875 398 —raa—

165 511 350 577 claudicans
380 507 497 593 prodit.
531 504 630 569 nihilo
659 506 763 568 minus
787 503 940 568 adsentiri
964 525 1029 566 non
1051 523 1184 588 possum
1207 501 1343 570 Goetzio
1360 504 1376 571 l.

167 637 193 678 c.
222 637 253 698 p.
282 611 359 688 236,
393 611 450 693 qui
478 609 534 672 hos
563 630 674 673 versus
702 610 819 670 misera
852 607 1116 690 interpolatorum
1150 607 1286 672 inventa
1319 631 1379 676 usse

166 723 289 792 oenset3
324 735 383 797 ego
413 711 542 795 quidem
571 709 701 773 saeculo
729 709 864 793 septimo
891 730 945 772 eos
973 707 1013 772 ob
1047 709 1194 774 notitiam
1231 713 1381 777 sermonis

167 817 281 883 comici
307 815 547 900 adsignaverim
577 811 766 898 effictosque
789 811 969 898 putaverim
993 812 1027 874 in
1049 812 1173 877 iteratis
1197 814 1382 883 actionibus.

250 920 368 984 Elidem
401 918 537 980 fortasse
574 917 697 979 auctori
726 913 860 979 debetur
887 937 1015 994 versus,
1050 915 1106 1001 qui
1134 938 1237 1001 prope
1261 918 1382 983 abhoc

165 1023 236 1088 loco
260 1021 294 1085 in
315 1020 344 1086 P
366 1019 486 1103 legitur
507 1028 582 1101 post
603 1017 665 1083 507
688 1016 912 1102 interpolatus:

250 1126 311 1192 507
336 1123 419 1188 Nam
442 1122 507 1184 iam
532 1120 662 1183 domum
685 1118 737 1184 ibo
760 1129 857 1206 atque
880 1119 1003 1202 aliquid
1026 1121 1197 1206 surripiam
1221 1125 1320 1211 patri.

251 1227 329 1292 507ει
350 1225 390 1289 Id
415 1225 467 1287 isti
490 1222 584 1287 dabo.
608 1243 668 1307 ego
692 1223 795 1285 istanc
821 1221 927 1286 multis
950 1222 1088 1287 ulciscar
1109 1224 1223 1293 modis.

250 1328 456 1415 Integrorum
487 1347 639 1390 versuum
669 1347 709 1388 ex
732 1324 973 1409 exemplaribus
1002 1325 1142 1390 histricis
1165 1328 1384 1397 derivatorum

167 1455 284 1518 agmen
307 1430 437 1496 claudat
459 1431 552 1493 Mero.
575 1427 685 1511 555.¹)
707 1427 741 1491 in
762 1427 825 1491 ΑΡ
847 1427 899 1492 hic
924 1449 1037 1493 versus
1059 1440 1163 1494 extat:

250 1534 348 1600 Nunc
370 1544 476 1598 tamen
492 1533 614 1596 interea
636 1530 678 1594 ad
702 1553 751 1595 me
774 1535 835 1595 huc
857 1531 996 1596 invisam
1020 1531 1168 1619 domum3

166 1661 263 1724 quom
285 1638 318 1700 in
335 1637 364 1701 P
380 1635 433 1700 hic
455 1635 615 1718 sequitur:

251 1739 380 1804 Interea
396 1748 503 1803 tamen
519 1739 583 1803 buc
605 1736 690 1801 intro
713 1736 753 1799 ad
776 1756 827 1800 me
849 1736 989 1802 invisam
1013 1736 1154 1802 domum.

165 1843 281 1933 prioris
292 1843 393 1927 igitur
404 1862 516 1905 versus
527 1839 561 1903 in
576 1838 606 1902 P
622 1838 795 1925 gemellam
807 1838 963 1904 habemus
979 1840 1117 1904 formam
1133 1843 1222 1927 paris
1234 1848 1385 1925 cumdio,

166 1948 193 2011 si
208 1944 307 2012 verba
320 1945 387 2008 sola
400 1952 593 2028 spectamus,
605 1943 710 2027 pretii.
727 1943 774 2006 sic
787 1963 862 2006 vero
873 1962 937 2005 non
948 1941 1094 2007 luserunt
1103 1949 1320 2029 grammatici,
1333 1950 1385 2014 sed

167 2059 215 2113 est
232 2049 311 2111 haec
333 2046 503 2110 diversitas
519 2047 641 2109 formae
664 2064 760 2109 exeo
781 2066 911 2131 genere,
934 2045 1046 2136 quales
1060 2045 1094 2109 in
1115 2046 1234 2113 fabulis
1251 2053 1385 2137 agendis

167 2152 261 2235 quasi
276 2158 391 2234 suapte
409 2158 523 2234 sponte
546 2147 706 2232 prodeunt
722 2146 904 2231 sensimque
926 2147 960 2211 in
983 2149 1054 2235 ipsa
1071 2149 1257 2217 fabularum
1279 2178 1383 2221 exem·

164 2252 269 2340 plania
286 2261 432 2338 serpunt.
455 2251 495 2318 cf.
516 2252 608 2315 Poen.
621 2249 685 2315 304
698 2259 728 2314 et
740 2248 812 2314 305.
835 2248 1034 2315 Ritschelius
1061 2252 1118 2338 Op.
1137 2253 1175 2317 ΙΙ
1187 2279 1220 2342 p.
1234 2255 1309 2336 290,
1333 2260 1384 2344 qui

167 2355 260 2419 aliter
288 2376 363 2418 sane
392 2375 460 2417 rem
488 2354 630 2438 expedit.
664 2353 816 2439 quocirca
843 2352 870 2417 si
899 2353 1011 2417 similis
1034 2355 1162 2441 generis
1185 2357 1383 2428 differentias

167 2457 251 2521 inter
279 2455 479 2520 recensiones
508 2454 760 2520 Ambrosianum
794 2464 826 2520 et
858 2455 1042 2520 Palatinam
1075 2458 1312 2528 intercedentes
1342 2466 1385 2530 in-

168 2560 330 2636 venimus,
370 2559 447 2642 quin
488 2559 563 2622 item
605 2557 725 2642 duplex
765 2559 919 2623 memoria
952 2582 993 2624 ex
1026 2562 1215 2646 antiquitate
1249 2572 1385 2653 repetita

88 2689 91 2694 ·
168 2662 374 2750 agnoscenda
396 2663 437 2725 sit
465 2661 530 2725 iam
553 2682 617 2724 uon
646 2662 823 2744 poterimus
846 2683 975 2749 negare.
999 2686 1136 2747 quarum
1159 2683 1289 2752 praesto
1314 2687 1386 2740 sunt

168 2767 318 2851 exempla
340 2787 439 2849 quam
460 2765 602 2828 maxime
625 2762 855 2828 memorabilia.

254 2871 346 2933 Mero.
375 2867 446 2934 267.
476 2869 547 2933 268.
586 2866 784 2951 Demiphoni
817 2867 851 2931 in
885 2869 1003 2934 somnis
1037 2885 1260 2959 apparuerunt
1292 2878 1387 2943 simia

167 2970 289 3037 haedus
312 2994 425 3056 capra3
448 2992 531 3054 quae
548 2970 628 3053 quid
650 2968 711 3033 sibi
734 2969 833 3034 velint
857 2994 931 3036 cnm
953 2973 1169 3040 coniecturam
1192 2976 1281 3055 facit,
1305 2979 1386 3046 haec

168 3075 255 3155 dicit,
278 3074 305 3138 si
327 3074 361 3137 A
383 3074 562 3159 sequimur:

211 3176 273 3240 266
305 3175 403 3240 Nunc
426 3175 487 3239 hoc
510 3178 655 3260 profecto
678 3175 746 3240 seio
768 3185 830 3240 est:
854 3176 935 3242 haec
956 3177 1044 3241 illast
1066 3199 1174 3265 capra.

305 3279 428 3345 Verum
451 3279 558 3343 hercle
580 3278 675 3343 simia
697 3278 752 3341 illa
774 3287 871 3364 atque
894 3280 1018 3345 haedus
1040 3281 1135 3368 m[ihi
1157 3283 1295 3373 malum]
1306 3289 1335 3374 ⁹)

304 3382 502 3467 Adportant.
527 3393 622 3465 atque
646 3402 699 3445 eos
723 3401 793 3445 esse
816 3403 895 3466 qnos
918 3380 1042 3447 deicam
1067 3385 1208 3452 hauscio.

166 3483 195 3549 P
216 3483 391 3568 praebent:

305 3585 402 3652 Nunc
425 3587 485 3650 boc
506 3587 650 3671 profecto
672 3586 718 3651 sic
741 3596 804 3664 est3
828 3587 916 3669 haec
930 3586 1016 3652 illast
1038 3610 1143 3675 capra.

305 3689 371 3756 Sed
393 3689 486 3754 simia
507 3690 563 3753 illa
585 3700 682 3777 atque
706 3689 829 3755 haedus
851 3691 947 3755 timeo
970 3691 1048 3778 quid
1070 3691 1180 3759 velint.

167 3792 200 3856 in
229 3791 345 3880 quibus
375 3814 437 3856 non
465 3792 635 3878 vulgarem
662 3795 891 3859 correctionem
918 3794 1098 3871 metricam,
1132 3794 1261 3878 qualem
1298 3798 1389 3864 miris

171 3894 363 3981 ambagibus
392 3893 608 3981 Niemeyerus
635 3920 666 3983 p.
696 3897 735 3961 27
765 3897 932 3980 describit,
966 3897 1023 3962 sed
1051 3897 1212 3983 duplicem
1241 3899 1389 3968 eiusdem

257 4067 277 4134 ¹)
294 4066 336 4121 cf.
361 4066 519 4121 simillimus
545 4067 622 4122 locus
642 4069 717 4139 Capt.
738 4069 804 4122 1022
825 4084 873 4136 sq,
899 4067 934 4122 de
956 4085 1011 4135 qno
1029 4085 1086 4122 non
1104 4069 1249 4124 consentio
1267 4069 1387 4127 Goetzio

167 4153 221 4290 lPlc
233 4171 260 4223 p.
273 4153 330 4207 236.
344 4151 445 4206 deinde
462 4153 559 4208 Pseud.
573 4154 631 4209 523.
650 4151 734 4208 Marc.
751 4153 810 4220 982,
828 4153 862 4206 de
880 4152 980 4221 quibus
998 4152 1033 4208 ci.
1053 4152 1224 4208 Ritschelius
1242 4154 1313 4210 Nor.
1333 4174 1388 4212 ecc.

204 4238 412 4307 mpfflm

253 4339 276 4406 2)
291 4337 411 4392 Etiamsi
426 4339 503 4404 ‚mihi
515 4339 626 4393 malum‘
638 4339 669 4394 in
681 4338 708 4395 A
719 4356 776 4394 non
788 4338 843 4392 fnit
853 4339 900 4409 (of.
913 4339 1023 4395 Goetzii
1036 4339 1099 4394 adn.
1114 4340 1149 4394 sd
1161 4340 1205 4409 n),
1225 4340 1288 4396 sine
1300 4342 1387 4397 dnbio

167 4424 258 4477 simile
276 4423 343 4492 quid
366 4423 430 4490 fuit,
454 4424 530 4491 quod
547 4425 600 4479 etsi
619 4426 778 4494 ignoramus
796 4441 854 4478 non
871 4425 944 4480 tanti
962 4429 1014 4491 est,
1037 4429 1070 4478 nt
1087 4425 1191 4479 iudicio
1209 4425 1245 4480 de
1264 4426 1330 4482 loco
1347 4427 1387 4482 io·

166 4508 253 4563 rendo
271 4509 384 4563 omnino
401 4507 484 4562 nobis
502 4509 698 4563 abstinendum
716 4509 760 4563 sit.
