3120 5138
623 296 824 400 „⁹2-

111 501 193 567 1027
223 523 273 579 ,ne
294 523 396 567 unum
418 502 549 586 quidem
578 527 746 569 nummum
772 504 911 593 (dabis),
941 505 968 568 si
998 504 1105 591 sapis‘.
1154 506 1236 570 Trr'n
1267 505 1332 573 559

107 604 214 686 ,Meus
244 605 375 690 quidem
403 606 511 670 hercle
538 629 704 694 nunquam
730 608 794 675 fiet.
825 607 839 692 ΙΙ
866 608 893 671 si
922 610 1028 693 sapies
1060 607 1210 692 quidem‘.
1261 608 1332 672 Mil.

107 709 187 793 ydor.
210 707 275 774 476
296 708 334 782 ,si
359 710 456 792 sapis,
480 708 687 778 mussitabis‘.

198 826 324 892 Pusilia
345 840 429 906 sunt,
453 830 539 913 quod
561 832 642 898 Tn'n.
657 832 720 899 558
742 831 776 895 in
792 831 824 894 A
847 840 912 894 est:
935 828 1034 913 ‚Quin
1056 829 1110 892 hio
1133 829 1221 914 cupit
1242 828 1334 894 illum

110 928 153 994 ab
176 951 210 994 se
229 928 463 1009 abalienarier,
492 933 520 996 si
542 956 639 1020 quem
660 933 802 1018 reperire
830 932 973 1017 possit,
1003 931 1091 1018 quoii
1113 952 1148 995 os
1171 930 1333 1009 sublinat‘,

111 1031 318 1118 quodcontra
338 1033 368 1098 P
389 1047 489 1121 posset
510 1037 683 1120 praebent3
712 1058 808 1122 porro
838 1034 925 1120 quod
955 1034 1047 1098 sont.
1070 1035 1132 1099 509
1156 1035 1185 1097 Α
1214 1035 1247 1097 in
1269 1034 1333 1099 fine

109 1156 226 1201 versus
260 1147 346 1200 recte
380 1136 512 1203 exhibet
544 1142 681 1204 credetur
708 1141 772 1217 tibi,
807 1138 836 1203 P
867 1139 999 1202 creditor
1024 1135 1181 1221 praebent
1216 1136 1330 1202 eodem

109 1259 239 1315 errore,
273 1260 337 1324 quo
364 1240 461 1326 Ppt‘d.
484 1241 526 1305 24
557 1243 669 1307 eadem
699 1264 812 1308 versus
842 1240 918 1305 sede
943 1241 1083 1304 redditur
1110 1259 1169 1322 pro
1191 1240 1335 1302 reddatur

111 1341 269 1424 scriptum
309 1350 366 1404 est.
406 1362 511 1426 neque
547 1345 640 1409 aliter
672 1343 883 1410 iudicandum
916 1352 965 1407 est
998 1341 1037 1405 de
1071 1343 1140 1405 Mil.
1168 1342 1243 1426 plor.
1272 1340 1334 1408 208

109 1441 291 1528 ,Quidquid
316 1453 375 1521 est,
398 1443 560 1512 incoctum
583 1469 647 1512 non
672 1458 888 1532 expromet,
911 1445 992 1509 bene
1015 1452 1142 1508 coctum
1165 1443 1265 1508 dabit‘
1287 1445 1334 1526 A;

111 1549 260 1634 eapromit
281 1545 318 1614 P.
355 1547 439 1610 Tmo.
469 1547 531 1612 262
559 1552 747 1636 comprimas,
778 1547 865 1633 quod
887 1547 916 1612 P
940 1569 998 1635 pro
1020 1548 1181 1633 comprimo
1203 1545 1264 1630 (sio
1286 1544 1333 1631 A)

110 1648 275 1727 exhibent,
300 1671 407 1714 errore
429 1660 561 1736 propter
583 1653 775 1718 antecedens
797 1653 899 1715 solitos
920 1650 1077 1735 seriptum
1099 1657 1159 1712 est.

196 1767 340 1833 Palatini
362 1780 521 1852 quatenus
550 1772 736 1859 ceteroquin
765 1772 985 1837 recensionem
1012 1769 1259 1856 grammaticam
1282 1791 1334 1832 ex-

111 1870 197 1955 perti
219 1871 299 1947 sint,
328 1869 481 1937 iamnuno
511 1884 734 1952 enarraturus,
762 1875 813 1939 hic
837 1896 965 1962 quoque
990 1873 1092 1950 locos,
1122 1872 1239 1956 quibus
1263 1893 1334 1935 earn

109 1973 177 2038 iam
206 1976 414 2060 agnovimus,
442 1975 582 2041 breviter
608 1988 761 2064 repetam.
806 1979 898 2042 Mero.
922 1978 986 2043 300
1014 1975 1111 2038 honest
1132 1972 1165 2037 in
1188 1974 1334 2051 bonnmat,

113 2075 208 2141 Stat..
242 2076 303 2142 537
337 2090 483 2166 optassent
514 2078 548 2144 in
581 2093 763 2168 optumannt
795 2089 969 2156 mutatum,
1003 2078 1114 2144 Pseud.
1136 2077 1200 2143 432
1232 2076 1336 2141 forma

111 2178 268 2244 vetustior
300 2180 366 2260 fors
396 2183 471 2269 funt
504 2204 544 2245 an
576 2182 610 2245 in
637 2184 772 2269 forsitan
793 2194 926 2263 novata,
956 2181 1040 2244 Pars.
1063 2179 1125 2243 321
1147 2178 1336 2243 insolentior

110 2289 274 2347 structura
304 2282 401 2366 ,quod
431 2305 557 2348 mecum
581 2284 704 2348 dudum
732 2284 841 2348 orasti‘
868 2293 991 2349 remota
1015 2292 1064 2347 est
1087 2281 1214 2367 vulgari
1237 2281 1335 2368 ‚quod

109 2404 165 2446 me
198 2382 320 2448 dudum
344 2385 488 2471 rogasti‘,
516 2387 610 2453 Mero.
635 2388 695 2451 271
725 2409 848 2465 ,eccum
877 2386 903 2450 it
930 2385 1054 2450 vicinus
1082 2386 1180 2448 foras‘
1208 2383 1334 2449 transiit

113 2485 148 2549 in
172 2485 324 2563 ,vicinum
349 2508 460 2551 eccum
489 2489 557 2553 exit
578 2490 685 2568 foras‘,
719 2492 808 2554 Most.
832 2488 893 2553 671
923 2511 996 2553 cum
1023 2488 1058 2551 in
1080 2487 1118 2565 ,si
1148 2486 1277 2571 quidem
1300 2497 1336 2552 tu
1360 2540 1364 2546 .

111 2599 286 2673 argentum
308 2591 514 2656 reddituru's‘
537 2591 672 2656 verbum
696 2590 934 2657 substantivum
957 2589 1129 2655 correctori
1152 2590 1263 2654 deesse
1287 2589 1330 2652 vi-

113 2691 254 2770 deretur,
282 2693 412 2780 scripsit
441 2694 478 2770 ,si
501 2693 633 2778 quidem
657 2717 691 2759 es
714 2703 886 2780 argeutum
908 2692 1112 2758 redditurus‘.
1157 2692 1249 2756 Stich.
1272 2691 1334 2756 331

112 2793 258 2858 metricis
281 2817 360 2860 sane
375 2795 479 2882 magis
495 2819 593 2881 quam
607 2797 827 2884 grammaticis
844 2793 1023 2861 rationibus
1046 2795 1162 2860 duetus
1175 2802 1336 2860 corrector

114 2896 247 2961 admisit
263 2906 460 2963 structuram
474 2902 585 2986 respice
605 2922 652 2964 rae
674 2921 734 2987 pro
749 2921 797 2977 ea,
821 2921 904 2984 quae
920 2897 1074 2963 Plautina
1096 2906 1145 2962 est
1167 2900 1278 2984 respice
1293 2899 1336 2960 ad

111 3022 170 3065 me.
216 3000 375 3065 accedunt
396 2999 430 3065 hi
452 3001 531 3066 loci:

202 3119 283 3187 Trtn.
306 3120 369 3185 659
403 3120 550 3206 ,proinde
582 3132 618 3188 ut
652 3133 784 3187 merere‘
812 3123 846 3187 A
880 3122 1025 3210 ,proinde
1058 3143 1096 3186 ac
1128 3128 1262 3186 merere‘
1294 3120 1333 3186 P.

105 3225 239 3310 proinde
270 3247 306 3287 oo
332 3223 410 3289 ferri
437 3245 532 3308 posse
561 3224 735 3311 Langenus
761 3227 859 3293 Boitr.
882 3247 914 3309 p.
932 3225 995 3288 295
1018 3247 1064 3309 sq.
1087 3223 1335 3302 demonstravit3

112 3324 170 3388 sed
198 3324 275 3413 quia
298 3326 385 3410 quod
408 3326 442 3390 A
464 3326 517 3390 hio
538 3327 670 3412 praebet
701 3328 822 3391 viciens
843 3328 877 3391 in
899 3326 1017 3391 Plauto
1040 3326 1173 3413 legitur,
1204 3329 1335 3414 proinde

112 3452 150 3491 ac
171 3451 248 3493 vero
271 3450 335 3491 uno
363 3438 488 3491 tantum
518 3440 646 3514 praeter
670 3431 755 3493 hunc
782 3431 852 3494 loco
881 3439 970 3493 extat
993 3430 1120 3517 (Anapis.
1142 3429 1214 3507 583,
1237 3429 1293 3495 ubi
1316 3454 1336 3495 a

113 3531 250 3613 Goetzio
273 3543 438 3618 receptum
464 3534 526 3614 est)
543 3532 766 3596 Palatinorum
788 3533 976 3597 memoriam
993 3533 1130 3619 proclivi
1151 3535 1337 3600 coniectura

111 3645 224 3720 natam
246 3657 317 3700 esse
339 3644 499 3723 putamus.

199 3754 298 3841 Epid.
314 3756 377 3820 455
400 3753 464 3833 ,hio
486 3776 551 3818 non
573 3763 621 3817 est
644 3753 747 3818 locus:
770 3751 892 3817 Proin
916 3763 950 3818 tu
966 3754 1065 3820 alium
1087 3776 1236 3838 quaeras,
1259 3753 1335 3841 quoi

112 3867 266 3922 centones
295 3855 430 3920 sarcies‘-
453 3853 504 3940 A3
538 3858 612 3942 quin
632 3854 676 3933 P3
704 3877 841 3939 quorum
865 3868 1025 3921 corrector
1054 3879 1124 3921 oum
1155 3857 1223 3923 vim
1246 3857 1333 3920 vonis

108 3960 203 4046 proin
226 3958 465 4024 adhortativam
488 3959 662 4045 ignoraret,
686 3956 827 4023 voluisse
849 3958 976 4024 videtur
999 3958 1224 4046 quin-qnaeris?

207 4076 288 4141 Tn‘n.
304 4078 365 4143 651
390 4077 439 4155 ,In
463 4079 532 4142 foro
548 4076 660 4140 amicis
676 4099 807 4162 operam
824 4079 877 4156 da,
899 4099 944 4141 ne
966 4076 999 4140 in
1023 4077 1108 4142 lecto
1130 4077 1263 4142 amicae‘
1285 4075 1334 4159 A3

111 4179 170 4246 ubi
193 4202 259 4245 non
278 4202 298 4244 a
314 4180 426 4245 limine
441 4179 604 4245 reiecerim
628 4180 714 4263 quod
731 4179 895 4245 Phabent
913 4180 1011 4259 ,haud
1035 4179 1066 4243 in
1084 4178 1167 4243 lecto
1183 4183 1334 4257 amicae‘3

111 4285 154 4350 cf.
178 4280 344 4368 Bergkius
370 4282 476 4369 Opino.
506 4281 525 4345 I
545 4304 576 4366 p.
600 4281 671 4348 634.
694 4281 893 4348 Ritsohelius
915 4283 999 4346 Prot.
1019 4305 1051 4368 p.
1068 4280 1332 4370 hXVHI=Op

114 4386 145 4454 V
193 4385 294 4452 .326.

169 4408 298 4570 pMero.
315 4504 377 4568 757
401 4505 490 4590 ,quin
513 4503 618 4569 abis?‘
642 4506 692 4589 A3
716 4530 789 4582 ,non
813 4505 882 4571 abis
890 4508 917 4571 ‘d‘
938 4507 978 4571 P.
1000 4508 1039 4574 cf.
1063 4505 1255 4571 Poen1307
1277 4530 1335 4592 qur
