3120 5138
870 316 931 387 126

290 536 454 613 potantem
477 527 607 592 domum
631 526 797 592 reducant.
842 527 958 592 ostium
981 528 1081 614 igitur
1103 528 1242 612 aedium,
1265 527 1299 592 in
1323 527 1447 615 quibus
1469 550 1515 592 ne-

290 630 408 694 minem
432 630 578 694 habitare
601 628 722 693 Tranio
743 628 963 716 Theopropidi
979 629 1116 707 dixerat,
1139 630 1267 714 pultant
1288 629 1513 694 exclamantes

375 733 525 797 Etiamne
547 734 676 819 aperis?
699 732 906 798 Callidamati
929 743 1039 799 nostro
1061 734 1234 798 advorsum
1258 734 1420 798 venimus.

291 858 355 922 qua
377 857 411 900 rc
434 835 568 900 miratus
591 834 836 922 Theopropides
859 835 1037 920 interrogat

374 937 468 1001 Heus
491 960 547 1000 vos
564 937 664 1024 pueri,
687 935 766 1020 quid
787 937 859 1001 istic
881 937 1002 1022 agitis?
1025 937 1102 1024 quid
1125 940 1203 1003 istas
1227 938 1315 1004 aedis
1339 939 1512 1024 frangitis?

290 1040 342 1104 cui
365 1049 514 1125 prompte
537 1039 748 1127 respondetur
771 1039 867 1118 ,Erus
890 1039 943 1104 hic
963 1051 1071 1104 noster
1092 1051 1193 1126 potat‘
1217 1046 1261 1126 (v.
1285 1042 1374 1128 946),
1397 1042 1439 1122 ,ei
1463 1041 1511 1105 ad·

290 1164 419 1207 vorsum
444 1143 602 1206 venimus‘
625 1146 671 1228 (v.
689 1142 777 1227 947).
822 1141 974 1230 itaqueP
995 1165 1035 1206 ne
1052 1144 1251 1209 levissimum
1268 1143 1403 1230 quidem
1423 1144 1510 1208 vesti·

288 1246 378 1330 gium
402 1244 470 1308 sive
494 1244 667 1309 lacunosae
696 1246 872 1310 sententiae
900 1246 968 1309 sive
992 1246 1087 1332 spatii
1116 1247 1219 1311 relicti
1249 1247 1438 1312 ostendunt.
1482 1256 1511 1311 at

288 1347 322 1410 in
345 1347 378 1412 A
399 1347 482 1412 inter
503 1348 787 1433 interrogationem
804 1347 1041 1434 Theopropidis
1064 1358 1097 1412 et
1112 1371 1302 1437 responsum
1327 1371 1386 1414 sex
1404 1372 1510 1414 versus

288 1450 473 1528 extiterunt,
496 1473 633 1535 quorum
655 1451 736 1515 nihil
757 1453 824 1516 lere
846 1451 912 1538 legi
934 1452 1047 1539 potuit.

377 1569 467 1635 [nter
490 1572 587 1658 Epid.
611 1594 642 1634 v.
665 1571 708 1636 64

374 1673 446 1738 ΤΗ.
471 1672 558 1757 Quid
580 1696 667 1738 nunc
689 1696 739 1738 me
763 1675 904 1742 retines?
932 1674 1001 1740 ΕΡ.
1024 1688 1152 1740 amatne
1174 1674 1286 1751 istam,
1316 1696 1416 1761 quam
1440 1674 1511 1738 emit

540 1847 542 1851 ,
902 1778 942 1842 de
964 1777 1107 1862 praeda?
1130 1777 1203 1844 ΤΗ.
1227 1779 1347 1863 rogas?

290 1889 332 1957 et,
355 1880 381 1943 si
403 1879 432 1943 P
456 1879 630 1964 sequimur,
653 1879 837 1965 proximum

374 1982 519 2069 Deperit.
543 1983 611 2048 ΕΡ.
640 1982 747 2048 hercle
770 1984 939 2071 detegetur
961 1985 1083 2048 corium
1106 1983 1147 2047 de
1169 1991 1261 2067 tergo
1284 2003 1365 2046 meo.

289 2095 346 2149 aut
380 2085 444 2149 duo
471 2094 528 2150 aut
563 2109 646 2150 unus
682 2097 768 2150 certe
796 2086 828 2150 in
852 2086 886 2150 A
916 2087 1022 2152 extitit
1050 2108 1161 2151 versus
1196 2085 1264 2149 sine
1294 2083 1393 2148 dubio
1420 2083 1512 2149 inter·

289 2187 426 2272 polatus.
471 2188 549 2252 item
571 2187 655 2252 inter
676 2187 718 2252 66
741 2198 773 2251 et
794 2190 835 2255 67
858 2189 891 2252 in
915 2211 952 2254 eo
979 2189 1043 2254 duo
1067 2211 1179 2252 versus
1202 2187 1274 2273 plus
1305 2176 1404 2273 quarn
1429 2186 1463 2250 in
1485 2186 1512 2250 P

292 2289 477 2367 extiterunt,
502 2312 575 2354 cum
598 2289 724 2354 nullum
746 2289 901 2354 indicium
924 2291 1059 2355 lacunae
1082 2293 1114 2355 in
1139 2291 1167 2355 P
1188 2292 1397 2377 perspicuum
1422 2291 1474 2358 sit.

375 2412 456 2478 Mea.
468 2410 648 2475 too-458.
673 2409 857 2488 Peniculus,
874 2432 947 2474 curn
962 2410 1046 2474 inter
1061 2411 1122 2476 fori
1138 2413 1249 2476 turbas
1263 2409 1513 2475 Menaechmum

290 2513 441 2594 amiserit,
466 2513 603 2599 prandio
627 2513 867 2578 circumventus
891 2525 952 2597 est3
976 2535 1041 2596 qua
1064 2537 1098 2578 re
1120 2515 1221 2578 iratus
1244 2513 1425 2578 detestatur
1449 2535 1511 2587 eos,

290 2616 347 2701 qui
370 2616 553 2680 contionum
570 2616 684 2681 officiis
708 2627 902 2702 ,occupatos‘
925 2616 1070 2680 homiues
1093 2639 1155 2682 non
1171 2616 1390 2694 liberaverint,
1414 2617 1513 2681 immo

288 2719 332 2784 ad
365 2741 403 2783 ea
437 2721 577 2796 ,otiosos‘
611 2718 716 2806 delegi
747 2720 924 2806 oportuisse
958 2722 1019 2798 ait3
1057 2743 1137 2804 quos
1170 2743 1245 2784 vero
1276 2718 1512 2805 subintellegat

290 2823 428 2899 ,otiosos‘
452 2821 560 2886 statim
583 2822 777 2908 explicatur:

374 2924 553 2990 Adfatimst
576 2925 751 3004 hominurn,
774 2925 808 2990 in
831 2927 898 2990 dies
922 2927 978 3014 qui
1000 2926 1145 3012 singulas
1169 2946 1259 2988 escas
1284 2923 1385 3000 edint,

376 3026 502 3111 Quibus
516 3029 624 3114 negoti
636 3029 715 3093 nihil
728 3038 787 3106 est,
799 3029 855 3113 qui
868 3051 973 3093 essum
987 3050 1090 3112 neque
1101 3037 1255 3092 vocantur
1268 3046 1373 3109 neque
1387 3038 1513 3089 vocant.

374 3131 442 3196 Eos
464 3141 590 3220 oportet
613 3134 753 3197 contioni
777 3132 854 3196 dare
877 3152 1007 3218 operam
1030 3142 1127 3214 atque
1150 3128 1296 3194 comitiis.

290 3233 392 3300 oratio
415 3234 498 3299 bene
520 3233 622 3312 cadit3
646 3258 728 3323 quae
751 3234 834 3299 male
857 3234 1145 3318 interrumperetur
1160 3232 1285 3298 duobus
1309 3231 1459 3297 versibus
1481 3232 1512 3313 in

289 3336 323 3400 A
338 3335 525 3415 interiectis,
554 3360 689 3421 quorum
705 3347 818 3403 auctor
840 3336 872 3400 ni
895 3337 989 3401 fallor
1012 3349 1142 3401 senatus
1166 3356 1293 3423 quoque
1318 3337 1512 3399 mentionem

289 3463 352 3504 non
370 3440 579 3506 omittendam
597 3453 685 3507 ratus
701 3451 760 3518 est,
782 3439 837 3505 ubi
855 3439 961 3503 contio
981 3451 1012 3504 et
1029 3439 1159 3504 comitia
1175 3447 1513 3502 commemorarentur.

375 3543 575 3631 Ambiguum
588 3555 636 3609 est
648 3545 803 3609 iudicium
816 3543 856 3608 de
869 3543 1015 3607 codicum
1030 3542 1245 3628 discrepantia
1257 3541 1341 3604 Pera.
1355 3541 1420 3605 605
1432 3563 1513 3627 sqq,

290 3644 345 3710 ubi
358 3645 456 3732 ⁴virgo
479 3670 498 3711 a
520 3646 635 3711 lenone
658 3646 793 3712 emenda
815 3644 1012 3730 producitur.
1037 3647 1092 3732 qui
1114 3646 1147 3709 in
1170 3644 1199 3708 P
1221 3656 1296 3709 sunt

597 3765 704 3834 ΤΟΧ.
728 3788 798 3852 age,
821 3788 882 3852 age
905 3787 990 3830 nuuc
1013 3774 1063 3829 tu:
1088 3766 1121 3829 in
1145 3763 1301 3851 proelium

332 3866 418 3936 Vide
445 3879 482 3934 ut
507 3868 691 3955 ingrediare
714 3869 890 3956 auspicato.
915 3867 974 3934 VI.
997 3866 1185 3951 liquidumst
1206 3865 1408 3949 auspicium:
1432 3876 1513 3930 tace.

332 3968 440 4037 ΤΟΧ.
463 3969 615 4038 Concede
631 3973 658 4036 si
673 3974 817 4058 suam¹);
845 3993 904 4057 ego
929 3970 1016 4036 illam
1040 3969 1210 4035 adducam.
1234 3967 1372 4036 DORD.
1396 3983 1516 4055 agent

900 4096 969 4139 rem
992 4095 1061 4138 esse
1084 4073 1118 4136 in
1141 4082 1285 4137 nostram
1306 4080 1414 4156 putas.

332 4174 440 4245 TOX.
457 4177 600 4263 Sequere
614 4201 679 4264 me3
695 4177 826 4242 adduco
838 4177 933 4255 hanc,
955 4176 983 4240 si
1001 4174 1142 4259 quidvis
1155 4198 1196 4241 ex
1209 4177 1270 4240 hae
1283 4177 1514 4261 percontarier.

377 4450 397 4516 ¹)
413 4451 437 4504 aa·
453 4469 528 4505 suam
546 4449 581 4517 (Β
592 4453 610 4519 ¹)
627 4452 675 4506 aut
693 4455 856 4522 corruptum
879 4453 922 4506 est
944 4470 978 4507 ex
1002 4451 1069 4508 tatur
1097 4454 1155 4520 aut,
1173 4468 1243 4521 qnae
1265 4453 1309 4505 est
1326 4449 1514 4506 Studemundi

290 4534 438 4602 sententis,
455 4537 529 4591 redit
547 4537 583 4590 ad
601 4538 638 4590 aa's
654 4539 708 4590 tam
725 4537 778 4608 (sio
792 4536 918 4609 Brun).

188 4746 353 4846 A
