<?xml version="1.0" encoding="UTF-8"?>
<!DOCTYPE html PUBLIC "-//W3C//DTD XHTML 1.0 Transitional//EN"
    "http://www.w3.org/TR/xhtml1/DTD/xhtml1-transitional.dtd">
<html xmlns="http://www.w3.org/1999/xhtml" xml:lang="en" lang="en">
 <head>
  <title>
</title>
<meta http-equiv="Content-Type" content="text/html;charset=utf-8" />
  <meta name='ocr-system' content='tesseract 3.04.00' />
  <meta name='ocr-capabilities' content='ocr_page ocr_carea ocr_par ocr_line ocrx_word'/>
</head>
<body>
  <div class='ocr_page' id='page_1' title='image "./deplautifabular00baiegoog_0114.png"; bbox 0 0 3120 5138; ppageno 0'>
   <div class='ocr_carea' id='block_1_1' title="bbox 746 261 809 329">
    <p class='ocr_par' dir='ltr' id='par_1_1' title="bbox 746 261 809 329">
     <span class='ocr_line' id='line_1_1' title="bbox 746 261 809 329; baseline 0.032 -2"><span class='ocrx_word' id='word_1_1' title='bbox 746 261 809 329; x_wconf 83' lang='lat'><strong>104</strong></span> 
     </span>
    </p>
   </div>
   <div class='ocr_carea' id='block_1_2' title="bbox 676 352 878 362">
    <p class='ocr_par' dir='ltr' id='par_1_2' title="bbox 676 352 878 362">
     <span class='ocr_line' id='line_1_2' title="bbox 676 352 878 362; baseline 0 0"><span class='ocrx_word' id='word_1_2' title='bbox 676 352 878 362; x_wconf 69' lang='lat'>——--—</span> 
     </span>
    </p>
   </div>
   <div class='ocr_carea' id='block_1_3' title="bbox 161 467 1405 3740">
    <p class='ocr_par' dir='ltr' id='par_1_3' title="bbox 165 467 1405 1355">
     <span class='ocr_line' id='line_1_3' title="bbox 167 467 1390 555; baseline 0.001 -21"><span class='ocrx_word' id='word_1_3' title='bbox 167 467 235 534; x_wconf 90' lang='lat' dir='ltr'><strong>sola</strong></span> <span class='ocrx_word' id='word_1_4' title='bbox 252 467 452 555; x_wconf 91' lang='lat' dir='ltr'><strong>comparatio</strong></span> <span class='ocrx_word' id='word_1_5' title='bbox 468 480 500 533; x_wconf 92' lang='lat' dir='ltr'><strong>et</strong></span> <span class='ocrx_word' id='word_1_6' title='bbox 515 469 696 534; x_wconf 79' lang='lat' dir='ltr'><strong>aestimatio</strong></span> <span class='ocrx_word' id='word_1_7' title='bbox 711 469 860 535; x_wconf 89' lang='lat' dir='ltr'><strong>codicum</strong></span> <span class='ocrx_word' id='word_1_8' title='bbox 879 468 1085 534; x_wconf 83' lang='lat' dir='ltr'><strong>Ambrosiani</strong></span> <span class='ocrx_word' id='word_1_9' title='bbox 1107 478 1140 533; x_wconf 91' lang='lat' dir='ltr'><strong>et</strong></span> <span class='ocrx_word' id='word_1_10' title='bbox 1154 467 1390 552; x_wconf 81' lang='lat' dir='ltr'><strong>Palatinarum,</strong></span> 
     </span>
     <span class='ocr_line' id='line_1_4' title="bbox 167 570 1392 659; baseline 0 -23"><span class='ocrx_word' id='word_1_11' title='bbox 167 571 223 656; x_wconf 92' lang='lat' dir='ltr'><strong>qui</strong></span> <span class='ocrx_word' id='word_1_12' title='bbox 250 570 403 636; x_wconf 90' lang='lat' dir='ltr'><strong>nimirum</strong></span> <span class='ocrx_word' id='word_1_13' title='bbox 432 571 464 635; x_wconf 95' lang='lat' dir='ltr'><strong>in</strong></span> <span class='ocrx_word' id='word_1_14' title='bbox 493 571 618 638; x_wconf 89' lang='lat' dir='ltr'><strong>ambitu</strong></span> <span class='ocrx_word' id='word_1_15' title='bbox 645 582 678 636; x_wconf 94' lang='lat' dir='ltr'><strong>et</strong></span> <span class='ocrx_word' id='word_1_16' title='bbox 705 571 903 659; x_wconf 78' lang='lat' dir='ltr'><strong>argumentis</strong></span> <span class='ocrx_word' id='word_1_17' title='bbox 932 593 1122 636; x_wconf 70' lang='lat' dir='ltr'><strong>scaenarum</strong></span> <span class='ocrx_word' id='word_1_18' title='bbox 1146 571 1180 635; x_wconf 93' lang='lat' dir='ltr'><strong>in</strong></span> <span class='ocrx_word' id='word_1_19' title='bbox 1202 571 1392 637; x_wconf 86' lang='lat' dir='ltr'><strong>universum</strong></span> 
     </span>
     <span class='ocr_line' id='line_1_5' title="bbox 167 673 1392 760; baseline 0.002 -23"><span class='ocrx_word' id='word_1_20' title='bbox 167 673 209 737; x_wconf 90' lang='lat' dir='ltr'><strong>ad</strong></span> <span class='ocrx_word' id='word_1_21' title='bbox 224 695 324 738; x_wconf 87' lang='lat' dir='ltr'><strong>unam</strong></span> <span class='ocrx_word' id='word_1_22' title='bbox 346 673 547 758; x_wconf 88' lang='lat' dir='ltr'><strong>eandemque</strong></span> <span class='ocrx_word' id='word_1_23' title='bbox 569 674 789 740; x_wconf 78' lang='lat' dir='ltr'><strong>recensionem</strong></span> <span class='ocrx_word' id='word_1_24' title='bbox 812 675 957 740; x_wconf 86' lang='lat' dir='ltr'><strong>redeunt.</strong></span> <span class='ocrx_word' id='word_1_25' title='bbox 981 673 1101 738; x_wconf 86' lang='lat' dir='ltr'><strong>sufficit</strong></span> <span class='ocrx_word' id='word_1_26' title='bbox 1121 673 1223 760; x_wconf 87' lang='lat' dir='ltr'><strong>igitur</strong></span> <span class='ocrx_word' id='word_1_27' title='bbox 1244 685 1392 759; x_wconf 88' lang='lat' dir='ltr'><strong>repetere</strong></span> 
     </span>
     <span class='ocr_line' id='line_1_6' title="bbox 167 775 1392 864; baseline 0.001 -24"><span class='ocrx_word' id='word_1_28' title='bbox 167 776 254 863; x_wconf 93' lang='lat' dir='ltr'><strong>quod</strong></span> <span class='ocrx_word' id='word_1_29' title='bbox 282 775 360 841; x_wconf 90' lang='lat' dir='ltr'><strong>satis</strong></span> <span class='ocrx_word' id='word_1_30' title='bbox 389 776 554 863; x_wconf 88' lang='lat' dir='ltr'><strong>cognitum</strong></span> <span class='ocrx_word' id='word_1_31' title='bbox 584 789 632 842; x_wconf 90' lang='lat' dir='ltr'><strong>est</strong></span> <span class='ocrx_word' id='word_1_32' title='bbox 659 777 786 843; x_wconf 89' lang='lat' dir='ltr'><strong>codices</strong></span> <span class='ocrx_word' id='word_1_33' title='bbox 814 788 941 843; x_wconf 88' lang='lat' dir='ltr'><strong>nostros</strong></span> <span class='ocrx_word' id='word_1_34' title='bbox 968 775 1136 843; x_wconf 86' lang='lat' dir='ltr'><strong>Plautinos</strong></span> <span class='ocrx_word' id='word_1_35' title='bbox 1163 797 1237 840; x_wconf 88' lang='lat' dir='ltr'><strong>eam</strong></span> <span class='ocrx_word' id='word_1_36' title='bbox 1264 797 1392 864; x_wconf 88' lang='lat' dir='ltr'><strong>reprae-</strong></span> 
     </span>
     <span class='ocr_line' id='line_1_7' title="bbox 167 877 1405 966; baseline 0 -23"><span class='ocrx_word' id='word_1_37' title='bbox 167 889 293 943; x_wconf 89' lang='lat' dir='ltr'><strong>sentare</strong></span> <span class='ocrx_word' id='word_1_38' title='bbox 321 877 505 944; x_wconf 85' lang='lat' dir='ltr'><strong>fabularum</strong></span> <span class='ocrx_word' id='word_1_39' title='bbox 536 879 759 946; x_wconf 85' lang='lat' dir='ltr'><strong>condicionem</strong></span> <span class='ocrx_word' id='word_1_40' title='bbox 781 902 820 945; x_wconf 88' lang='lat' dir='ltr'><strong>ao</strong></span> <span class='ocrx_word' id='word_1_41' title='bbox 843 879 994 964; x_wconf 90' lang='lat' dir='ltr'><strong>speciem,</strong></span> <span class='ocrx_word' id='word_1_42' title='bbox 1016 878 1050 942; x_wconf 94' lang='lat' dir='ltr'><strong>in</strong></span> <span class='ocrx_word' id='word_1_43' title='bbox 1073 901 1171 966; x_wconf 93' lang='lat' dir='ltr'><strong>quam</strong></span> <span class='ocrx_word' id='word_1_44' title='bbox 1193 877 1238 943; x_wconf 90' lang='lat' dir='ltr'><strong>ad</strong></span> <span class='ocrx_word' id='word_1_45' title='bbox 1258 877 1405 957; x_wconf 44' lang='lat' dir='ltr'><strong>iteratas,</strong></span> 
     </span>
     <span class='ocr_line' id='line_1_8' title="bbox 166 979 1392 1070; baseline 0 -24"><span class='ocrx_word' id='word_1_46' title='bbox 166 982 308 1046; x_wconf 89' lang='lat' dir='ltr'><strong>actiones</strong></span> <span class='ocrx_word' id='word_1_47' title='bbox 338 980 488 1046; x_wconf 87' lang='lat' dir='ltr'><strong>redactae</strong></span> <span class='ocrx_word' id='word_1_48' title='bbox 516 984 651 1070; x_wconf 85' lang='lat' dir='ltr'><strong>erant.¹)</strong></span> <span class='ocrx_word' id='word_1_49' title='bbox 679 1005 720 1047; x_wconf 86' lang='lat' dir='ltr'><strong>ex</strong></span> <span class='ocrx_word' id='word_1_50' title='bbox 749 983 812 1047; x_wconf 90' lang='lat' dir='ltr'><strong>hoc</strong></span> <span class='ocrx_word' id='word_1_51' title='bbox 840 982 940 1067; x_wconf 89' lang='lat' dir='ltr'><strong>igitur</strong></span> <span class='ocrx_word' id='word_1_52' title='bbox 957 983 1045 1047; x_wconf 81' lang='lat' dir='ltr'><strong>fonte</strong></span> <span class='ocrx_word' id='word_1_53' title='bbox 1067 1002 1133 1046; x_wconf 92' lang='lat' dir='ltr'><strong>non</strong></span> <span class='ocrx_word' id='word_1_54' title='bbox 1154 1002 1263 1068; x_wconf 87' lang='lat' dir='ltr'><strong>pauca</strong></span> <span class='ocrx_word' id='word_1_55' title='bbox 1284 979 1321 1045; x_wconf 90' lang='lat' dir='ltr'><strong>in</strong></span> <span class='ocrx_word' id='word_1_56' title='bbox 1343 1004 1392 1046; x_wconf 86' lang='lat' dir='ltr'><strong>co</strong></span> 
     </span>
     <span class='ocr_line' id='line_1_9' title="bbox 166 1083 1392 1172; baseline -0.001 -23"><span class='ocrx_word' id='word_1_57' title='bbox 166 1083 255 1149; x_wconf 91' lang='lat' dir='ltr'><strong>dices</strong></span> <span class='ocrx_word' id='word_1_58' title='bbox 287 1094 413 1150; x_wconf 88' lang='lat' dir='ltr'><strong>nostros</strong></span> <span class='ocrx_word' id='word_1_59' title='bbox 447 1083 657 1162; x_wconf 89' lang='lat' dir='ltr'><strong>transierunt,</strong></span> <span class='ocrx_word' id='word_1_60' title='bbox 691 1107 774 1172; x_wconf 93' lang='lat' dir='ltr'><strong>quae</strong></span> <span class='ocrx_word' id='word_1_61' title='bbox 807 1085 938 1150; x_wconf 84' lang='lat' dir='ltr'><strong>aliunde</strong></span> <span class='ocrx_word' id='word_1_62' title='bbox 971 1083 1118 1170; x_wconf 88' lang='lat' dir='ltr'><strong>depromi</strong></span> <span class='ocrx_word' id='word_1_63' title='bbox 1149 1105 1215 1155; x_wconf 86' lang='lat' dir='ltr'><strong>non</strong></span> <span class='ocrx_word' id='word_1_64' title='bbox 1243 1095 1392 1169; x_wconf 80' lang='lat' dir='ltr'><strong>poterant</strong></span> 
     </span>
     <span class='ocr_line' id='line_1_10' title="bbox 165 1185 1388 1274; baseline -0.002 -20"><span class='ocrx_word' id='word_1_65' title='bbox 165 1186 402 1270; x_wconf 86' lang='lat' dir='ltr'><strong>Steffeninsque</strong></span> <span class='ocrx_word' id='word_1_66' title='bbox 430 1186 450 1251; x_wconf 93' lang='lat' dir='ltr'><strong>l.</strong></span> <span class='ocrx_word' id='word_1_67' title='bbox 474 1209 500 1252; x_wconf 90' lang='lat' dir='ltr'><strong>c.</strong></span> <span class='ocrx_word' id='word_1_68' title='bbox 525 1185 695 1272; x_wconf 86' lang='lat' dir='ltr'><strong>diligenter</strong></span> <span class='ocrx_word' id='word_1_69' title='bbox 714 1186 905 1272; x_wconf 77' lang='lat' dir='ltr'><strong>composuit.</strong></span> <span class='ocrx_word' id='word_1_70' title='bbox 949 1185 1107 1274; x_wconf 88' lang='lat' dir='ltr'><strong>equibus</strong></span> <span class='ocrx_word' id='word_1_71' title='bbox 1132 1185 1263 1273; x_wconf 82' lang='lat' dir='ltr'><strong>singula</strong></span> <span class='ocrx_word' id='word_1_72' title='bbox 1289 1207 1388 1271; x_wconf 88' lang='lat' dir='ltr'><strong>quae·</strong></span> 
     </span>
     <span class='ocr_line' id='line_1_11' title="bbox 167 1289 859 1355; baseline 0 -1"><span class='ocrx_word' id='word_1_73' title='bbox 167 1289 242 1355; x_wconf 89' lang='lat' dir='ltr'><strong>dam</strong></span> <span class='ocrx_word' id='word_1_74' title='bbox 264 1310 351 1354; x_wconf 92' lang='lat' dir='ltr'><strong>nunc</strong></span> <span class='ocrx_word' id='word_1_75' title='bbox 373 1289 405 1352; x_wconf 93' lang='lat' dir='ltr'><strong>in</strong></span> <span class='ocrx_word' id='word_1_76' title='bbox 429 1310 567 1353; x_wconf 85' lang='lat' dir='ltr'><strong>examen</strong></span> <span class='ocrx_word' id='word_1_77' title='bbox 590 1289 738 1354; x_wconf 88' lang='lat' dir='ltr'><strong>vocanda</strong></span> <span class='ocrx_word' id='word_1_78' title='bbox 759 1301 859 1354; x_wconf 91' lang='lat' dir='ltr'><strong>erunt.</strong></span> 
     </span>
    </p>

    <p class='ocr_par' dir='ltr' id='par_1_4' title="bbox 161 1390 1396 3102">
     <span class='ocr_line' id='line_1_12' title="bbox 251 1390 1391 1479; baseline 0 -21"><span class='ocrx_word' id='word_1_79' title='bbox 251 1390 455 1458; x_wconf 89' lang='lat' dir='ltr'><strong>Histrionum</strong></span> <span class='ocrx_word' id='word_1_80' title='bbox 473 1391 647 1477; x_wconf 90' lang='lat' dir='ltr'><strong>plurimum</strong></span> <span class='ocrx_word' id='word_1_81' title='bbox 670 1394 823 1457; x_wconf 89' lang='lat' dir='ltr'><strong>interesse</strong></span> <span class='ocrx_word' id='word_1_82' title='bbox 846 1391 995 1472; x_wconf 79' lang='lat' dir='ltr'><strong>debebat,</strong></span> <span class='ocrx_word' id='word_1_83' title='bbox 1020 1401 1056 1455; x_wconf 92' lang='lat' dir='ltr'><strong>ut</strong></span> <span class='ocrx_word' id='word_1_84' title='bbox 1078 1411 1294 1479; x_wconf 89' lang='lat' dir='ltr'><strong>quaecunque</strong></span> <span class='ocrx_word' id='word_1_85' title='bbox 1318 1414 1391 1458; x_wconf 90' lang='lat' dir='ltr'><strong>cum</strong></span> 
     </span>
     <span class='ocr_line' id='line_1_13' title="bbox 165 1488 1392 1582; baseline 0.001 -23"><span class='ocrx_word' id='word_1_86' title='bbox 165 1494 207 1559; x_wconf 92' lang='lat' dir='ltr'><strong>ad</strong></span> <span class='ocrx_word' id='word_1_87' title='bbox 234 1494 361 1559; x_wconf 83' lang='lat' dir='ltr'><strong>fabulas</strong></span> <span class='ocrx_word' id='word_1_88' title='bbox 389 1504 458 1559; x_wconf 91' lang='lat' dir='ltr'><strong>turn</strong></span> <span class='ocrx_word' id='word_1_89' title='bbox 486 1496 528 1559; x_wconf 91' lang='lat' dir='ltr'><strong>ad</strong></span> <span class='ocrx_word' id='word_1_90' title='bbox 555 1494 699 1582; x_wconf 92' lang='lat' dir='ltr'><strong>ipsorum</strong></span> <span class='ocrx_word' id='word_1_91' title='bbox 731 1506 841 1580; x_wconf 89' lang='lat' dir='ltr'><strong>partes</strong></span> <span class='ocrx_word' id='word_1_92' title='bbox 864 1494 1007 1581; x_wconf 89' lang='lat' dir='ltr'><strong>agendas</strong></span> <span class='ocrx_word' id='word_1_93' title='bbox 1029 1493 1227 1580; x_wconf 86' lang='lat' dir='ltr'><strong>pertinerent</strong></span> <span class='ocrx_word' id='word_1_94' title='bbox 1260 1488 1392 1560; x_wconf 85' lang='lat' dir='ltr'><strong>accura-</strong></span> 
     </span>
     <span class='ocr_line' id='line_1_14' title="bbox 166 1595 1392 1685; baseline 0 -23"><span class='ocrx_word' id='word_1_95' title='bbox 166 1597 289 1662; x_wconf 87' lang='lat' dir='ltr'><strong>tissime</strong></span> <span class='ocrx_word' id='word_1_96' title='bbox 307 1597 342 1661; x_wconf 95' lang='lat' dir='ltr'><strong>in</strong></span> <span class='ocrx_word' id='word_1_97' title='bbox 365 1596 605 1685; x_wconf 85' lang='lat' dir='ltr'><strong>exemplaribus</strong></span> <span class='ocrx_word' id='word_1_98' title='bbox 627 1597 770 1663; x_wconf 89' lang='lat' dir='ltr'><strong>indicata</strong></span> <span class='ocrx_word' id='word_1_99' title='bbox 793 1611 907 1664; x_wconf 90' lang='lat' dir='ltr'><strong>essent.</strong></span> <span class='ocrx_word' id='word_1_100' title='bbox 951 1619 990 1662; x_wconf 86' lang='lat' dir='ltr'><strong>ao</strong></span> <span class='ocrx_word' id='word_1_101' title='bbox 1011 1596 1189 1662; x_wconf 89' lang='lat' dir='ltr'><strong>rectissime</strong></span> <span class='ocrx_word' id='word_1_102' title='bbox 1210 1595 1392 1662; x_wconf 89' lang='lat' dir='ltr'><strong>Wilmann·</strong></span> 
     </span>
     <span class='ocr_line' id='line_1_15' title="bbox 166 1698 1391 1786; baseline 0.003 -23"><span class='ocrx_word' id='word_1_103' title='bbox 166 1699 232 1763; x_wconf 89' lang='lat' dir='ltr'><strong>sius</strong></span> <span class='ocrx_word' id='word_1_104' title='bbox 249 1699 270 1763; x_wconf 94' lang='lat' dir='ltr'><strong>l.</strong></span> <span class='ocrx_word' id='word_1_105' title='bbox 292 1721 320 1764; x_wconf 89' lang='lat' dir='ltr'><strong>c.</strong></span> <span class='ocrx_word' id='word_1_106' title='bbox 335 1698 419 1764; x_wconf 87' lang='lat' dir='ltr'><strong>dixit</strong></span> <span class='ocrx_word' id='word_1_107' title='bbox 439 1699 689 1765; x_wconf 86' lang='lat' dir='ltr'><strong>didascaliorum</strong></span> <span class='ocrx_word' id='word_1_108' title='bbox 711 1701 745 1765; x_wconf 92' lang='lat' dir='ltr'><strong>in</strong></span> <span class='ocrx_word' id='word_1_109' title='bbox 768 1699 952 1765; x_wconf 82' lang='lat' dir='ltr'><strong>comoedias</strong></span> <span class='ocrx_word' id='word_1_110' title='bbox 975 1698 1111 1764; x_wconf 85' lang='lat' dir='ltr'><strong>Latinas</strong></span> <span class='ocrx_word' id='word_1_111' title='bbox 1133 1699 1391 1786; x_wconf 86' lang='lat' dir='ltr'><strong>compositorum</strong></span> 
     </span>
     <span class='ocr_line' id='line_1_16' title="bbox 166 1802 1392 1890; baseline 0.002 -24"><span class='ocrx_word' id='word_1_112' title='bbox 166 1823 238 1866; x_wconf 93' lang='lat' dir='ltr'><strong>eam</strong></span> <span class='ocrx_word' id='word_1_113' title='bbox 265 1811 391 1887; x_wconf 91' lang='lat' dir='ltr'><strong>partem</strong></span> <span class='ocrx_word' id='word_1_114' title='bbox 424 1824 507 1886; x_wconf 89' lang='lat' dir='ltr'><strong>quae</strong></span> <span class='ocrx_word' id='word_1_115' title='bbox 535 1802 578 1868; x_wconf 90' lang='lat' dir='ltr'><strong>ad</strong></span> <span class='ocrx_word' id='word_1_116' title='bbox 612 1802 724 1867; x_wconf 90' lang='lat' dir='ltr'><strong>modos</strong></span> <span class='ocrx_word' id='word_1_117' title='bbox 752 1802 891 1868; x_wconf 91' lang='lat' dir='ltr'><strong>musicos</strong></span> <span class='ocrx_word' id='word_1_118' title='bbox 921 1802 1104 1888; x_wconf 86' lang='lat' dir='ltr'><strong>pertinebat</strong></span> <span class='ocrx_word' id='word_1_119' title='bbox 1138 1817 1250 1890; x_wconf 88' lang='lat' dir='ltr'><strong>aperte</strong></span> <span class='ocrx_word' id='word_1_120' title='bbox 1279 1802 1392 1869; x_wconf 88' lang='lat' dir='ltr'><strong>deberi</strong></span> 
     </span>
     <span class='ocr_line' id='line_1_17' title="bbox 166 1903 1392 1991; baseline 0.001 -21"><span class='ocrx_word' id='word_1_121' title='bbox 166 1904 407 1991; x_wconf 85' lang='lat' dir='ltr'><strong>exemplaribus</strong></span> <span class='ocrx_word' id='word_1_122' title='bbox 436 1903 592 1983; x_wconf 84' lang='lat' dir='ltr'><strong>histricis3</strong></span> <span class='ocrx_word' id='word_1_123' title='bbox 627 1926 691 1989; x_wconf 90' lang='lat' dir='ltr'><strong>quo</strong></span> <span class='ocrx_word' id='word_1_124' title='bbox 719 1904 839 1970; x_wconf 92' lang='lat' dir='ltr'><strong>maiore</strong></span> <span class='ocrx_word' id='word_1_125' title='bbox 873 1905 943 1970; x_wconf 90' lang='lat' dir='ltr'><strong>iure</strong></span> <span class='ocrx_word' id='word_1_126' title='bbox 965 1905 993 1970; x_wconf 92' lang='lat' dir='ltr'><strong>si</strong></span> <span class='ocrx_word' id='word_1_127' title='bbox 1021 1927 1106 1990; x_wconf 89' lang='lat' dir='ltr'><strong>quae</strong></span> <span class='ocrx_word' id='word_1_128' title='bbox 1127 1903 1287 1970; x_wconf 87' lang='lat' dir='ltr'><strong>eiusmodi</strong></span> <span class='ocrx_word' id='word_1_129' title='bbox 1315 1905 1392 1971; x_wconf 86' lang='lat' dir='ltr'><strong>libri</strong></span> 
     </span>
     <span class='ocr_line' id='line_1_18' title="bbox 167 2006 1393 2094; baseline 0.002 -22"><span class='ocrx_word' id='word_1_130' title='bbox 167 2007 380 2094; x_wconf 86' lang='lat' dir='ltr'><strong>manuscripti</strong></span> <span class='ocrx_word' id='word_1_131' title='bbox 406 2007 438 2071; x_wconf 95' lang='lat' dir='ltr'><strong>in</strong></span> <span class='ocrx_word' id='word_1_132' title='bbox 468 2007 547 2094; x_wconf 90' lang='lat' dir='ltr'><strong>ipsis</strong></span> <span class='ocrx_word' id='word_1_133' title='bbox 574 2007 693 2072; x_wconf 90' lang='lat' dir='ltr'><strong>fabulis</strong></span> <span class='ocrx_word' id='word_1_134' title='bbox 721 2006 878 2093; x_wconf 84' lang='lat' dir='ltr'><strong>praebent</strong></span> <span class='ocrx_word' id='word_1_135' title='bbox 909 2008 951 2073; x_wconf 90' lang='lat' dir='ltr'><strong>ad</strong></span> <span class='ocrx_word' id='word_1_136' title='bbox 974 2008 1111 2073; x_wconf 92' lang='lat' dir='ltr'><strong>eundem</strong></span> <span class='ocrx_word' id='word_1_137' title='bbox 1133 2010 1253 2073; x_wconf 84' lang='lat' dir='ltr'><strong>fontem</strong></span> <span class='ocrx_word' id='word_1_138' title='bbox 1276 2010 1393 2076; x_wconf 79' lang='lat' dir='ltr'><strong>refere</strong></span> 
     </span>
     <span class='ocr_line' id='line_1_19' title="bbox 166 2109 1394 2196; baseline 0.002 -22"><span class='ocrx_word' id='word_1_139' title='bbox 166 2133 246 2177; x_wconf 90' lang='lat' dir='ltr'><strong>mus.</strong></span> <span class='ocrx_word' id='word_1_140' title='bbox 274 2109 317 2174; x_wconf 89' lang='lat' dir='ltr'><strong>ad</strong></span> <span class='ocrx_word' id='word_1_141' title='bbox 344 2109 527 2175; x_wconf 86' lang='lat' dir='ltr'><strong>fabularum</strong></span> <span class='ocrx_word' id='word_1_142' title='bbox 555 2124 663 2175; x_wconf 88' lang='lat' dir='ltr'><strong>autem</strong></span> <span class='ocrx_word' id='word_1_143' title='bbox 686 2110 845 2176; x_wconf 87' lang='lat' dir='ltr'><strong>actionem</strong></span> <span class='ocrx_word' id='word_1_144' title='bbox 868 2110 1052 2196; x_wconf 86' lang='lat' dir='ltr'><strong>gravissimi</strong></span> <span class='ocrx_word' id='word_1_145' title='bbox 1076 2112 1228 2176; x_wconf 91' lang='lat' dir='ltr'><strong>momenti</strong></span> <span class='ocrx_word' id='word_1_146' title='bbox 1251 2112 1313 2176; x_wconf 84' lang='lat' dir='ltr'><strong>fuit</strong></span> <span class='ocrx_word' id='word_1_147' title='bbox 1335 2111 1394 2177; x_wconf 89' lang='lat' dir='ltr'><strong>illa</strong></span> 
     </span>
     <span class='ocr_line' id='line_1_20' title="bbox 166 2210 1394 2298; baseline 0.002 -22"><span class='ocrx_word' id='word_1_148' title='bbox 166 2216 351 2298; x_wconf 74' lang='lat' dir='ltr'><strong>oqpatwosg,</strong></span> <span class='ocrx_word' id='word_1_149' title='bbox 385 2234 450 2296; x_wconf 88' lang='lat' dir='ltr'><strong>qua</strong></span> <span class='ocrx_word' id='word_1_150' title='bbox 484 2210 668 2278; x_wconf 83' lang='lat' dir='ltr'><strong>fabularum</strong></span> <span class='ocrx_word' id='word_1_151' title='bbox 696 2235 809 2278; x_wconf 90' lang='lat' dir='ltr'><strong>versus</strong></span> <span class='ocrx_word' id='word_1_152' title='bbox 837 2214 945 2278; x_wconf 88' lang='lat' dir='ltr'><strong>cantui</strong></span> <span class='ocrx_word' id='word_1_153' title='bbox 975 2213 1127 2278; x_wconf 87' lang='lat' dir='ltr'><strong>destinati</strong></span> <span class='ocrx_word' id='word_1_154' title='bbox 1154 2236 1174 2277; x_wconf 90' lang='lat' dir='ltr'><strong>a</strong></span> <span class='ocrx_word' id='word_1_155' title='bbox 1201 2213 1394 2280; x_wconf 86' lang='lat' dir='ltr'><strong>recitatione</strong></span> 
     </span>
     <span class='ocr_line' id='line_1_21' title="bbox 167 2314 1394 2406; baseline 0.005 -28"><span class='ocrx_word' id='word_1_156' title='bbox 167 2314 448 2402; x_wconf 84' lang='lat' dir='ltr'><strong>distinguebantur</strong></span> <span class='ocrx_word' id='word_1_157' title='bbox 469 2317 553 2381; x_wconf 89' lang='lat' dir='ltr'><strong>notis</strong></span> <span class='ocrx_word' id='word_1_158' title='bbox 575 2315 638 2380; x_wconf 90' lang='lat' dir='ltr'><strong>illis</strong></span> <span class='ocrx_word' id='word_1_159' title='bbox 664 2316 692 2382; x_wconf 84' lang='lat' dir='ltr'><em>C</em></span> <span class='ocrx_word' id='word_1_160' title='bbox 702 2325 734 2381; x_wconf 91' lang='lat' dir='ltr'><strong>et</strong></span> <span class='ocrx_word' id='word_1_161' title='bbox 748 2315 826 2381; x_wconf 87' lang='lat' dir='ltr'><strong>DV.</strong></span> <span class='ocrx_word' id='word_1_162' title='bbox 849 2317 941 2382; x_wconf 88' lang='lat' dir='ltr'><strong>cuius</strong></span> <span class='ocrx_word' id='word_1_163' title='bbox 964 2338 1038 2381; x_wconf 91' lang='lat' dir='ltr'><strong>cum</strong></span> <span class='ocrx_word' id='word_1_164' title='bbox 1060 2338 1100 2381; x_wconf 92' lang='lat' dir='ltr'><strong>ne</strong></span> <span class='ocrx_word' id='word_1_165' title='bbox 1124 2316 1299 2402; x_wconf 89' lang='lat' dir='ltr'><strong>vestigium</strong></span> <span class='ocrx_word' id='word_1_166' title='bbox 1321 2318 1394 2406; x_wconf 92' lang='lat' dir='ltr'><strong>qui-</strong></span> 
     </span>
     <span class='ocr_line' id='line_1_22' title="bbox 166 2417 1395 2505; baseline 0.003 -22"><span class='ocrx_word' id='word_1_167' title='bbox 166 2417 240 2483; x_wconf 92' lang='lat' dir='ltr'><strong>dem</strong></span> <span class='ocrx_word' id='word_1_168' title='bbox 263 2417 297 2481; x_wconf 91' lang='lat' dir='ltr'><strong>in</strong></span> <span class='ocrx_word' id='word_1_169' title='bbox 320 2418 430 2484; x_wconf 89' lang='lat' dir='ltr'><strong>codice</strong></span> <span class='ocrx_word' id='word_1_170' title='bbox 446 2421 603 2505; x_wconf 88' lang='lat' dir='ltr'><strong>rescripto</strong></span> <span class='ocrx_word' id='word_1_171' title='bbox 618 2419 765 2484; x_wconf 90' lang='lat' dir='ltr'><strong>relictum</strong></span> <span class='ocrx_word' id='word_1_172' title='bbox 787 2421 904 2505; x_wconf 62' lang='lat' dir='ltr'><strong>essel),</strong></span> <span class='ocrx_word' id='word_1_173' title='bbox 928 2417 1057 2485; x_wconf 88' lang='lat' dir='ltr'><strong>crebras</strong></span> <span class='ocrx_word' id='word_1_174' title='bbox 1080 2441 1157 2486; x_wconf 86' lang='lat' dir='ltr'><strong>vero</strong></span> <span class='ocrx_word' id='word_1_175' title='bbox 1180 2419 1336 2505; x_wconf 87' lang='lat' dir='ltr'><strong>reliquias</strong></span> <span class='ocrx_word' id='word_1_176' title='bbox 1361 2432 1395 2487; x_wconf 90' lang='lat' dir='ltr'><strong>et</strong></span> 
     </span>
     <span class='ocr_line' id='line_1_23' title="bbox 168 2518 1395 2606; baseline 0.004 -22"><span class='ocrx_word' id='word_1_177' title='bbox 168 2521 202 2584; x_wconf 92' lang='lat' dir='ltr'><strong>in</strong></span> <span class='ocrx_word' id='word_1_178' title='bbox 217 2518 310 2586; x_wconf 84' lang='lat' dir='ltr'><strong>BOD</strong></span> <span class='ocrx_word' id='word_1_179' title='bbox 326 2534 438 2587; x_wconf 83' lang='lat' dir='ltr'><strong>extare</strong></span> <span class='ocrx_word' id='word_1_180' title='bbox 460 2533 492 2587; x_wconf 91' lang='lat' dir='ltr'><strong>et</strong></span> <span class='ocrx_word' id='word_1_181' title='bbox 514 2543 588 2586; x_wconf 88' lang='lat' dir='ltr'><strong>oum</strong></span> <span class='ocrx_word' id='word_1_182' title='bbox 611 2521 674 2586; x_wconf 91' lang='lat' dir='ltr'><strong>fide</strong></span> <span class='ocrx_word' id='word_1_183' title='bbox 696 2543 799 2606; x_wconf 90' lang='lat' dir='ltr'><strong>usque</strong></span> <span class='ocrx_word' id='word_1_184' title='bbox 822 2522 864 2586; x_wconf 90' lang='lat' dir='ltr'><strong>ad</strong></span> <span class='ocrx_word' id='word_1_185' title='bbox 888 2521 1051 2587; x_wconf 88' lang='lat' dir='ltr'><strong>saeculum</strong></span> <span class='ocrx_word' id='word_1_186' title='bbox 1075 2521 1204 2587; x_wconf 89' lang='lat' dir='ltr'><strong>tertium</strong></span> <span class='ocrx_word' id='word_1_187' title='bbox 1226 2521 1395 2590; x_wconf 89' lang='lat' dir='ltr'><strong>decimum</strong></span> 
     </span>
     <span class='ocr_line' id='line_1_24' title="bbox 166 2623 1396 2712; baseline 0.005 -24"><span class='ocrx_word' id='word_1_188' title='bbox 166 2635 362 2712; x_wconf 88' lang='lat' dir='ltr'><strong>propagatas</strong></span> <span class='ocrx_word' id='word_1_189' title='bbox 391 2647 460 2691; x_wconf 90' lang='lat' dir='ltr'><strong>esse</strong></span> <span class='ocrx_word' id='word_1_190' title='bbox 487 2624 520 2689; x_wconf 93' lang='lat' dir='ltr'><strong>in</strong></span> <span class='ocrx_word' id='word_1_191' title='bbox 549 2623 659 2689; x_wconf 89' lang='lat' dir='ltr'><strong>codice</strong></span> <span class='ocrx_word' id='word_1_192' title='bbox 681 2623 900 2690; x_wconf 87' lang='lat' dir='ltr'><strong>Ambrosiano</strong></span> <span class='ocrx_word' id='word_1_193' title='bbox 922 2624 953 2689; x_wconf 73' lang='lat' dir='ltr'><strong>t}</strong></span> <span class='ocrx_word' id='word_1_194' title='bbox 975 2625 1029 2711; x_wconf 82' lang='lat' dir='ltr'><strong>(cf.</strong></span> <span class='ocrx_word' id='word_1_195' title='bbox 1053 2624 1180 2692; x_wconf 79' lang='lat' dir='ltr'><strong>Goetzii</strong></span> <span class='ocrx_word' id='word_1_196' title='bbox 1201 2624 1396 2712; x_wconf 86' lang='lat' dir='ltr'><strong>Loewiiqne</strong></span> 
     </span>
     <span class='ocr_line' id='line_1_25' title="bbox 161 2726 1395 2816; baseline 0.002 -24"><span class='ocrx_word' id='word_1_197' title='bbox 161 2729 265 2816; x_wconf 62' lang='lat' dir='ltr'><strong>praef</strong></span> <span class='ocrx_word' id='word_1_198' title='bbox 289 2729 376 2792; x_wconf 78' lang='lat' dir='ltr'><strong>Asia.</strong></span> <span class='ocrx_word' id='word_1_199' title='bbox 399 2750 429 2813; x_wconf 92' lang='lat' dir='ltr'><strong>p.</strong></span> <span class='ocrx_word' id='word_1_200' title='bbox 453 2726 564 2812; x_wconf 80' lang='lat' dir='ltr'><strong>XIII)</strong></span> <span class='ocrx_word' id='word_1_201' title='bbox 591 2727 750 2805; x_wconf 89' lang='lat' dir='ltr'><strong>sciamus,</strong></span> <span class='ocrx_word' id='word_1_202' title='bbox 786 2726 851 2791; x_wconf 92' lang='lat' dir='ltr'><strong>iam</strong></span> <span class='ocrx_word' id='word_1_203' title='bbox 880 2750 965 2793; x_wconf 86' lang='lat' dir='ltr'><strong>nova</strong></span> <span class='ocrx_word' id='word_1_204' title='bbox 987 2727 1209 2793; x_wconf 88' lang='lat' dir='ltr'><strong>observatione</strong></span> <span class='ocrx_word' id='word_1_205' title='bbox 1231 2729 1395 2815; x_wconf 85' lang='lat' dir='ltr'><strong>firmatur,</strong></span> 
     </span>
     <span class='ocr_line' id='line_1_26' title="bbox 165 2830 1394 2915; baseline 0.002 -21"><span class='ocrx_word' id='word_1_206' title='bbox 165 2830 253 2914; x_wconf 93' lang='lat' dir='ltr'><strong>quod</strong></span> <span class='ocrx_word' id='word_1_207' title='bbox 284 2830 400 2915; x_wconf 90' lang='lat' dir='ltr'><strong>capitis</strong></span> <span class='ocrx_word' id='word_1_208' title='bbox 425 2830 559 2895; x_wconf 88' lang='lat' dir='ltr'><strong>secundi</strong></span> <span class='ocrx_word' id='word_1_209' title='bbox 584 2830 792 2915; x_wconf 83' lang='lat' dir='ltr'><strong>paragrapho</strong></span> <span class='ocrx_word' id='word_1_210' title='bbox 813 2830 908 2895; x_wconf 87' lang='lat' dir='ltr'><strong>tertia</strong></span> <span class='ocrx_word' id='word_1_211' title='bbox 930 2830 1062 2896; x_wconf 92' lang='lat' dir='ltr'><strong>ineunte</strong></span> <span class='ocrx_word' id='word_1_212' title='bbox 1085 2830 1394 2911; x_wconf 89' lang='lat' dir='ltr'><strong>demonstravimus,</strong></span> 
     </span>
     <span class='ocr_line' id='line_1_27' title="bbox 166 2931 1395 3021; baseline 0.004 -25"><span class='ocrx_word' id='word_1_213' title='bbox 166 2931 333 2997; x_wconf 91' lang='lat' dir='ltr'><strong>Palatinos</strong></span> <span class='ocrx_word' id='word_1_214' title='bbox 351 2933 393 2997; x_wconf 92' lang='lat' dir='ltr'><strong>ad</strong></span> <span class='ocrx_word' id='word_1_215' title='bbox 416 2933 621 3021; x_wconf 88' lang='lat' dir='ltr'><strong>integriorem</strong></span> <span class='ocrx_word' id='word_1_216' title='bbox 645 2942 676 2997; x_wconf 89' lang='lat' dir='ltr'><strong>et</strong></span> <span class='ocrx_word' id='word_1_217' title='bbox 691 2933 916 2998; x_wconf 88' lang='lat' dir='ltr'><strong>vestustiorem</strong></span> <span class='ocrx_word' id='word_1_218' title='bbox 933 2932 1146 3018; x_wconf 89' lang='lat' dir='ltr'><strong>archetypum</strong></span> <span class='ocrx_word' id='word_1_219' title='bbox 1169 2932 1275 2999; x_wconf 88' lang='lat' dir='ltr'><strong>redire</strong></span> <span class='ocrx_word' id='word_1_220' title='bbox 1290 2957 1395 3019; x_wconf 88' lang='lat' dir='ltr'><strong>quarn</strong></span> 
     </span>
     <span class='ocr_line' id='line_1_28' title="bbox 168 3034 554 3102; baseline 0.01 -4"><span class='ocrx_word' id='word_1_221' title='bbox 168 3034 301 3100; x_wconf 88' lang='lat' dir='ltr'><strong>alteram</strong></span> <span class='ocrx_word' id='word_1_222' title='bbox 324 3035 554 3102; x_wconf 90' lang='lat' dir='ltr'><strong>recensionem.</strong></span> 
     </span>
    </p>

    <p class='ocr_par' dir='ltr' id='par_1_5' title="bbox 166 3136 1395 3740">
     <span class='ocr_line' id='line_1_29' title="bbox 250 3136 1395 3226; baseline 0.003 -24"><span class='ocrx_word' id='word_1_223' title='bbox 250 3136 355 3202; x_wconf 87' lang='lat' dir='ltr'><strong>Aliud</strong></span> <span class='ocrx_word' id='word_1_224' title='bbox 386 3136 578 3224; x_wconf 89' lang='lat' dir='ltr'><strong>Spengelius</strong></span> <span class='ocrx_word' id='word_1_225' title='bbox 619 3137 652 3202; x_wconf 90' lang='lat' dir='ltr'><strong>in</strong></span> <span class='ocrx_word' id='word_1_226' title='bbox 686 3138 970 3214; x_wconf 90' lang='lat' dir='ltr'><strong>commentatione,</strong></span> <span class='ocrx_word' id='word_1_227' title='bbox 1012 3138 1083 3202; x_wconf 89' lang='lat' dir='ltr'><strong>cui</strong></span> <span class='ocrx_word' id='word_1_228' title='bbox 1105 3138 1298 3226; x_wconf 89' lang='lat' dir='ltr'><strong>inscriptum</strong></span> <span class='ocrx_word' id='word_1_229' title='bbox 1343 3155 1395 3206; x_wconf 91' lang='lat' dir='ltr'><strong>est</strong></span> 
     </span>
     <span class='ocr_line' id='line_1_30' title="bbox 166 3238 1389 3326; baseline 0.003 -22"><span class='ocrx_word' id='word_1_230' title='bbox 166 3239 372 3313; x_wconf 84' lang='lat' dir='ltr'><strong>‚Soenentitel</strong></span> <span class='ocrx_word' id='word_1_231' title='bbox 399 3239 465 3304; x_wconf 86' lang='lat' dir='ltr'><strong>und</strong></span> <span class='ocrx_word' id='word_1_232' title='bbox 494 3238 789 3326; x_wconf 88' lang='lat' dir='ltr'><strong>Scenenabteilung</strong></span> <span class='ocrx_word' id='word_1_233' title='bbox 821 3240 855 3303; x_wconf 93' lang='lat' dir='ltr'><strong>in</strong></span> <span class='ocrx_word' id='word_1_234' title='bbox 879 3240 937 3304; x_wconf 90' lang='lat' dir='ltr'><strong>der</strong></span> <span class='ocrx_word' id='word_1_235' title='bbox 967 3240 1177 3306; x_wconf 87' lang='lat' dir='ltr'><strong>lateinischen</strong></span> <span class='ocrx_word' id='word_1_236' title='bbox 1200 3239 1389 3308; x_wconf 80' lang='lat' dir='ltr'><strong>Comoedie‘</strong></span> 
     </span>
     <span class='ocr_line' id='line_1_31' title="bbox 170 3339 1395 3429; baseline 0.007 -27"><span class='ocrx_word' id='word_1_237' title='bbox 170 3339 220 3425; x_wconf 85' lang='lat' dir='ltr'><strong>(iu</strong></span> <span class='ocrx_word' id='word_1_238' title='bbox 249 3341 516 3427; x_wconf 71' lang='lat' dir='ltr'><strong>Sitzunysberdcbte</strong></span> <span class='ocrx_word' id='word_1_239' title='bbox 544 3344 574 3407; x_wconf 82' lang='lat' dir='ltr'><strong>el.</strong></span> <span class='ocrx_word' id='word_1_240' title='bbox 598 3343 719 3408; x_wconf 76' lang='lat' dir='ltr'><strong>Mrtneb.</strong></span> <span class='ocrx_word' id='word_1_241' title='bbox 743 3343 845 3411; x_wconf 80' lang='lat' dir='ltr'><strong>Atad.</strong></span> <span class='ocrx_word' id='word_1_242' title='bbox 864 3343 1089 3429; x_wconf 81' lang='lat' dir='ltr'><strong>pbilos.-pbilol.</strong></span> <span class='ocrx_word' id='word_1_243' title='bbox 1113 3369 1141 3409; x_wconf 81' lang='lat' dir='ltr'><strong>ss.</strong></span> <span class='ocrx_word' id='word_1_244' title='bbox 1162 3343 1264 3412; x_wconf 74' lang='lat' dir='ltr'><strong>lister.</strong></span> <span class='ocrx_word' id='word_1_245' title='bbox 1279 3344 1395 3410; x_wconf 76' lang='lat' dir='ltr'><strong>Kluase</strong></span> 
     </span>
     <span class='ocr_line' id='line_1_32' title="bbox 170 3443 1393 3531; baseline 0.006 -25"><span class='ocrx_word' id='word_1_246' title='bbox 170 3443 252 3508; x_wconf 89' lang='grc'>1883</span> <span class='ocrx_word' id='word_1_247' title='bbox 268 3443 353 3531; x_wconf 89' lang='lat' dir='ltr'><strong>Hp.</strong></span> <span class='ocrx_word' id='word_1_248' title='bbox 369 3444 576 3528; x_wconf 72' lang='lat' dir='ltr'><strong>rut-298),</strong></span> <span class='ocrx_word' id='word_1_249' title='bbox 595 3443 758 3529; x_wconf 89' lang='lat' dir='ltr'><strong>sagaciter</strong></span> <span class='ocrx_word' id='word_1_250' title='bbox 773 3444 1010 3512; x_wconf 88' lang='lat' dir='ltr'><strong>animadvertit.</strong></span> <span class='ocrx_word' id='word_1_251' title='bbox 1045 3444 1169 3510; x_wconf 90' lang='lat' dir='ltr'><strong>monuit</strong></span> <span class='ocrx_word' id='word_1_252' title='bbox 1191 3444 1276 3510; x_wconf 92' lang='lat' dir='ltr'><strong>enim</strong></span> <span class='ocrx_word' id='word_1_253' title='bbox 1292 3448 1393 3513; x_wconf 88' lang='lat' dir='ltr'><strong>veris·</strong></span> 
     </span>
     <span class='ocr_line' id='line_1_33' title="bbox 166 3544 1394 3633; baseline 0.008 -25"><span class='ocrx_word' id='word_1_254' title='bbox 166 3544 246 3609; x_wconf 93' lang='lat' dir='ltr'><strong>sime</strong></span> <span class='ocrx_word' id='word_1_255' title='bbox 280 3558 420 3610; x_wconf 84' lang='lat' dir='ltr'><strong>veterem</strong></span> <span class='ocrx_word' id='word_1_256' title='bbox 453 3545 652 3611; x_wconf 93' lang='lat' dir='ltr'><strong>comoediam</strong></span> <span class='ocrx_word' id='word_1_257' title='bbox 678 3567 886 3632; x_wconf 89' lang='lat' dir='ltr'><strong>personarum</strong></span> <span class='ocrx_word' id='word_1_258' title='bbox 916 3570 1000 3632; x_wconf 93' lang='lat' dir='ltr'><strong>quae</strong></span> <span class='ocrx_word' id='word_1_259' title='bbox 1035 3547 1070 3612; x_wconf 91' lang='lat' dir='ltr'><strong>in</strong></span> <span class='ocrx_word' id='word_1_260' title='bbox 1091 3569 1208 3612; x_wconf 88' lang='lat' dir='ltr'><strong>scaena</strong></span> <span class='ocrx_word' id='word_1_261' title='bbox 1233 3549 1394 3633; x_wconf 87' lang='lat' dir='ltr'><strong>produce·</strong></span> 
     </span>
     <span class='ocr_line' id='line_1_34' title="bbox 167 3645 1392 3740; baseline 0.007 -29"><span class='ocrx_word' id='word_1_262' title='bbox 167 3645 283 3711; x_wconf 88' lang='lat' dir='ltr'><strong>bantur</strong></span> <span class='ocrx_word' id='word_1_263' title='bbox 312 3647 442 3712; x_wconf 92' lang='lat' dir='ltr'><strong>nomina</strong></span> <span class='ocrx_word' id='word_1_264' title='bbox 471 3647 551 3711; x_wconf 92' lang='lat' dir='ltr'><strong>nihil</strong></span> <span class='ocrx_word' id='word_1_265' title='bbox 579 3668 723 3731; x_wconf 87' lang='lat' dir='ltr'><strong>curasse,</strong></span> <span class='ocrx_word' id='word_1_266' title='bbox 753 3648 810 3713; x_wconf 90' lang='lat' dir='ltr'><strong>sed</strong></span> <span class='ocrx_word' id='word_1_267' title='bbox 833 3671 875 3714; x_wconf 84' lang='lat' dir='ltr'><strong>ex</strong></span> <span class='ocrx_word' id='word_1_268' title='bbox 902 3649 1042 3737; x_wconf 89' lang='lat' dir='ltr'><strong>partium</strong></span> <span class='ocrx_word' id='word_1_269' title='bbox 1064 3673 1145 3735; x_wconf 89' lang='lat' dir='ltr'><strong>quas</strong></span> <span class='ocrx_word' id='word_1_270' title='bbox 1168 3661 1294 3716; x_wconf 87' lang='lat' dir='ltr'><strong>actores</strong></span> <span class='ocrx_word' id='word_1_271' title='bbox 1316 3675 1392 3740; x_wconf 84' lang='lat' dir='ltr'><strong>age·</strong></span> 
     </span>
    </p>
   </div>
   <div class='ocr_carea' id='block_1_4' title="bbox 166 3850 1395 4178">
    <p class='ocr_par' dir='ltr' id='par_1_6' title="bbox 166 3850 1395 4178">
     <span class='ocr_line' id='line_1_35' title="bbox 255 3850 1394 3926; baseline 0.005 -20"><span class='ocrx_word' id='word_1_272' title='bbox 255 3852 274 3919; x_wconf 88' lang='lat'><strong>¹)</strong></span> <span class='ocrx_word' id='word_1_273' title='bbox 292 3851 334 3906; x_wconf 85' lang='lat' dir='ltr'><strong>Gi.</strong></span> <span class='ocrx_word' id='word_1_274' title='bbox 352 3850 386 3907; x_wconf 86' lang='lat' dir='ltr'><strong>G.</strong></span> <span class='ocrx_word' id='word_1_275' title='bbox 405 3851 494 3907; x_wconf 83' lang='lat' dir='ltr'><strong>Goetz</strong></span> <span class='ocrx_word' id='word_1_276' title='bbox 511 3853 717 3922; x_wconf 73' lang='lat' dir='ltr'><strong>Dittoyraplu&#39;en</strong></span> <span class='ocrx_word' id='word_1_277' title='bbox 734 3854 770 3906; x_wconf 82' lang='lat' dir='ltr'><strong>im</strong></span> <span class='ocrx_word' id='word_1_278' title='bbox 788 3853 956 3908; x_wconf 77' lang='lat' dir='ltr'><strong>Ploatnateet</strong></span> <span class='ocrx_word' id='word_1_279' title='bbox 973 3854 1003 3907; x_wconf 90' lang='lat' dir='ltr'><strong>in</strong></span> <span class='ocrx_word' id='word_1_280' title='bbox 1022 3855 1079 3909; x_wconf 82' lang='lat' dir='ltr'><strong>Act.</strong></span> <span class='ocrx_word' id='word_1_281' title='bbox 1097 3871 1150 3909; x_wconf 79' lang='lat' dir='ltr'><strong>soc.</strong></span> <span class='ocrx_word' id='word_1_282' title='bbox 1165 3857 1234 3925; x_wconf 79' lang='lat' dir='ltr'><strong>pbil.</strong></span> <span class='ocrx_word' id='word_1_283' title='bbox 1252 3855 1327 3926; x_wconf 78' lang='lat' dir='ltr'><strong>Lips.</strong></span> <span class='ocrx_word' id='word_1_284' title='bbox 1350 3858 1394 3914; x_wconf 89' lang='lat' dir='ltr'><strong>VI</strong></span> 
     </span>
     <span class='ocr_line' id='line_1_36' title="bbox 168 3935 1393 4010; baseline 0.006 -19"><span class='ocrx_word' id='word_1_285' title='bbox 168 3955 195 4008; x_wconf 91' lang='lat' dir='ltr'><strong>p.</strong></span> <span class='ocrx_word' id='word_1_286' title='bbox 214 3937 265 3993; x_wconf 75' lang='lat' dir='ltr'><strong>tao</strong></span> <span class='ocrx_word' id='word_1_287' title='bbox 283 3953 342 4005; x_wconf 89' lang='lat' dir='ltr'><strong>sqq.</strong></span> <span class='ocrx_word' id='word_1_288' title='bbox 369 3936 399 3991; x_wconf 79' lang='grc' dir='ltr'><strong>Ο.</strong></span> <span class='ocrx_word' id='word_1_289' title='bbox 418 3935 553 3992; x_wconf 86' lang='lat' dir='ltr'><strong>Dziatzko</strong></span> <span class='ocrx_word' id='word_1_290' title='bbox 577 3936 647 3990; x_wconf 81' lang='lat' dir='ltr'><strong>Mae.</strong></span> <span class='ocrx_word' id='word_1_291' title='bbox 669 3937 720 3991; x_wconf 77' lang='lat' dir='ltr'><strong>Ra.</strong></span> <span class='ocrx_word' id='word_1_292' title='bbox 739 3936 814 3991; x_wconf 87' lang='lat' dir='ltr'><strong>XXI</strong></span> <span class='ocrx_word' id='word_1_293' title='bbox 832 3954 859 4007; x_wconf 93' lang='lat' dir='ltr'><strong>p.</strong></span> <span class='ocrx_word' id='word_1_294' title='bbox 878 3939 912 3992; x_wconf 82' lang='lat'><strong>92</strong></span> <span class='ocrx_word' id='word_1_295' title='bbox 930 3954 988 4006; x_wconf 88' lang='lat' dir='ltr'><strong>sqq.</strong></span> <span class='ocrx_word' id='word_1_296' title='bbox 1006 3939 1100 4005; x_wconf 76' lang='lat' dir='ltr'><strong>Praes.</strong></span> <span class='ocrx_word' id='word_1_297' title='bbox 1119 3939 1225 3993; x_wconf 75' lang='lat' dir='ltr'><strong>Plena.</strong></span> <span class='ocrx_word' id='word_1_298' title='bbox 1248 3957 1275 4010; x_wconf 93' lang='lat' dir='ltr'><strong>p.</strong></span> <span class='ocrx_word' id='word_1_299' title='bbox 1292 3941 1332 3996; x_wconf 88' lang='lat'><strong>18.</strong></span> <span class='ocrx_word' id='word_1_300' title='bbox 1361 3942 1393 3998; x_wconf 82' lang='lat' dir='ltr'><strong>O.</strong></span> 
     </span>
     <span class='ocr_line' id='line_1_37' title="bbox 171 4022 1395 4096; baseline 0.001 -18"><span class='ocrx_word' id='word_1_301' title='bbox 171 4022 279 4079; x_wconf 79' lang='lat' dir='ltr'><strong>Steffen</strong></span> <span class='ocrx_word' id='word_1_302' title='bbox 299 4023 341 4076; x_wconf 90' lang='lat' dir='ltr'><strong>De</strong></span> <span class='ocrx_word' id='word_1_303' title='bbox 359 4031 441 4077; x_wconf 86' lang='lat' dir='ltr'><strong>actor.</strong></span> <span class='ocrx_word' id='word_1_304' title='bbox 460 4024 486 4076; x_wconf 82' lang='lat' dir='ltr'><strong>ta</strong></span> <span class='ocrx_word' id='word_1_305' title='bbox 501 4022 560 4092; x_wconf 79' lang='lat' dir='ltr'><strong>fab.</strong></span> <span class='ocrx_word' id='word_1_306' title='bbox 582 4022 684 4076; x_wconf 81' lang='lat' dir='ltr'><strong>Terent.</strong></span> <span class='ocrx_word' id='word_1_307' title='bbox 701 4038 807 4076; x_wconf 83' lang='lat' dir='ltr'><strong>numero</strong></span> <span class='ocrx_word' id='word_1_308' title='bbox 829 4031 854 4076; x_wconf 89' lang='lat' dir='ltr'><strong>et</strong></span> <span class='ocrx_word' id='word_1_309' title='bbox 876 4023 1057 4077; x_wconf 62' lang='lat' dir='ltr'><strong>distributore</strong></span> <span class='ocrx_word' id='word_1_310' title='bbox 1073 4022 1103 4077; x_wconf 94' lang='lat' dir='ltr'><strong>in</strong></span> <span class='ocrx_word' id='word_1_311' title='bbox 1120 4024 1177 4079; x_wconf 81' lang='lat' dir='ltr'><strong>Act.</strong></span> <span class='ocrx_word' id='word_1_312' title='bbox 1195 4041 1247 4079; x_wconf 79' lang='lat' dir='ltr'><strong>soc.</strong></span> <span class='ocrx_word' id='word_1_313' title='bbox 1265 4024 1341 4096; x_wconf 78' lang='lat' dir='ltr'><strong>Lips.</strong></span> <span class='ocrx_word' id='word_1_314' title='bbox 1360 4026 1395 4084; x_wconf 89' lang='grc' dir='ltr'>Π</span> 
     </span>
     <span class='ocr_line' id='line_1_38' title="bbox 166 4105 1228 4178; baseline 0.001 -16"><span class='ocrx_word' id='word_1_315' title='bbox 166 4125 193 4176; x_wconf 91' lang='lat' dir='ltr'><strong>p.</strong></span> <span class='ocrx_word' id='word_1_316' title='bbox 213 4108 270 4163; x_wconf 78' lang='lat'><strong>150.</strong></span> <span class='ocrx_word' id='word_1_317' title='bbox 288 4108 338 4162; x_wconf 79' lang='lat'><strong>152</strong></span> <span class='ocrx_word' id='word_1_318' title='bbox 355 4124 395 4176; x_wconf 91' lang='lat' dir='ltr'><strong>sq.</strong></span> <span class='ocrx_word' id='word_1_319' title='bbox 413 4105 573 4163; x_wconf 88' lang='lat' dir='ltr'><strong>Wilmanns</strong></span> <span class='ocrx_word' id='word_1_320' title='bbox 595 4108 637 4162; x_wconf 90' lang='lat' dir='ltr'><strong>De</strong></span> <span class='ocrx_word' id='word_1_321' title='bbox 655 4108 756 4162; x_wconf 77' lang='lat' dir='ltr'><strong>didere.</strong></span> <span class='ocrx_word' id='word_1_322' title='bbox 779 4110 880 4163; x_wconf 60' lang='lat' dir='ltr'><strong>Terent.</strong></span> <span class='ocrx_word' id='word_1_323' title='bbox 899 4109 991 4163; x_wconf 89' lang='lat' dir='ltr'><strong>Berol.</strong></span> <span class='ocrx_word' id='word_1_324' title='bbox 1011 4111 1078 4166; x_wconf 74' lang='lat'>1864</span> <span class='ocrx_word' id='word_1_325' title='bbox 1094 4125 1121 4178; x_wconf 85' lang='lat' dir='ltr'><strong>p.</strong></span> <span class='ocrx_word' id='word_1_326' title='bbox 1136 4109 1170 4165; x_wconf 84' lang='grc'><strong>63</strong></span> <span class='ocrx_word' id='word_1_327' title='bbox 1189 4126 1228 4177; x_wconf 91' lang='lat' dir='ltr'><strong>sq.</strong></span> 
     </span>
    </p>
   </div>
   <div class='ocr_carea' id='block_1_5' title="bbox 167 4207 1396 4538">
    <p class='ocr_par' dir='ltr' id='par_1_7' title="bbox 167 4207 1396 4538">
     <span class='ocr_line' id='line_1_39' title="bbox 253 4207 1396 4281; baseline 0.005 -18"><span class='ocrx_word' id='word_1_328' title='bbox 253 4210 276 4277; x_wconf 78' lang='lat'><strong>²)</strong></span> <span class='ocrx_word' id='word_1_329' title='bbox 297 4207 368 4264; x_wconf 86' lang='lat' dir='ltr'><strong>Vide</strong></span> <span class='ocrx_word' id='word_1_330' title='bbox 385 4226 440 4277; x_wconf 91' lang='lat' dir='ltr'><strong>qna</strong></span> <span class='ocrx_word' id='word_1_331' title='bbox 456 4207 567 4278; x_wconf 85' lang='lat' dir='ltr'><strong>argutia</strong></span> <span class='ocrx_word' id='word_1_332' title='bbox 582 4207 764 4278; x_wconf 87' lang='lat' dir='ltr'><strong>Niemeyerus</strong></span> <span class='ocrx_word' id='word_1_333' title='bbox 786 4211 840 4265; x_wconf 89' lang='lat' dir='ltr'><strong>hoe</strong></span> <span class='ocrx_word' id='word_1_334' title='bbox 861 4215 1058 4281; x_wconf 81' lang='lat' dir='ltr'><strong>argumentum</strong></span> <span class='ocrx_word' id='word_1_335' title='bbox 1080 4210 1251 4281; x_wconf 79' lang='lat' dir='ltr'><strong>redarguere</strong></span> <span class='ocrx_word' id='word_1_336' title='bbox 1272 4217 1396 4270; x_wconf 85' lang='lat' dir='ltr'><strong>conetur</strong></span> 
     </span>
     <span class='ocr_line' id='line_1_40' title="bbox 168 4293 1395 4364; baseline 0.003 -16"><span class='ocrx_word' id='word_1_337' title='bbox 168 4312 194 4364; x_wconf 87' lang='lat' dir='ltr'><strong>p.</strong></span> <span class='ocrx_word' id='word_1_338' title='bbox 212 4295 246 4348; x_wconf 85' lang='lat' dir='ltr'><strong>bb</strong></span> <span class='ocrx_word' id='word_1_339' title='bbox 264 4310 303 4362; x_wconf 90' lang='lat' dir='ltr'><strong>sq.</strong></span> <span class='ocrx_word' id='word_1_340' title='bbox 326 4293 367 4348; x_wconf 91' lang='lat' dir='ltr'><strong>sic</strong></span> <span class='ocrx_word' id='word_1_341' title='bbox 388 4293 547 4363; x_wconf 88' lang='lat' dir='ltr'><strong>disputans:</strong></span> <span class='ocrx_word' id='word_1_342' title='bbox 574 4294 661 4362; x_wconf 82' lang='lat' dir='ltr'><strong>,atqui</strong></span> <span class='ocrx_word' id='word_1_343' title='bbox 683 4294 841 4362; x_wconf 87' lang='lat' dir='ltr'><strong>quaerimus</strong></span> <span class='ocrx_word' id='word_1_344' title='bbox 859 4295 955 4363; x_wconf 83' lang='lat' dir='ltr'><strong>exiis,</strong></span> <span class='ocrx_word' id='word_1_345' title='bbox 978 4295 1026 4363; x_wconf 89' lang='lat' dir='ltr'><strong>qni</strong></span> <span class='ocrx_word' id='word_1_346' title='bbox 1042 4295 1262 4350; x_wconf 79' lang='lat' dir='ltr'><strong>Ambrosianum</strong></span> <span class='ocrx_word' id='word_1_347' title='bbox 1284 4295 1395 4353; x_wconf 88' lang='lat' dir='ltr'><strong>librum</strong></span> 
     </span>
     <span class='ocr_line' id='line_1_41' title="bbox 167 4377 1394 4450; baseline 0.005 -19"><span class='ocrx_word' id='word_1_348' title='bbox 167 4377 308 4444; x_wconf 85' lang='lat' dir='ltr'><strong>viderunt,</strong></span> <span class='ocrx_word' id='word_1_349' title='bbox 320 4377 449 4446; x_wconf 88' lang='lat' dir='ltr'><strong>quotiens</strong></span> <span class='ocrx_word' id='word_1_350' title='bbox 462 4393 625 4431; x_wconf 86' lang='lat' dir='ltr'><strong>scaenarum</strong></span> <span class='ocrx_word' id='word_1_351' title='bbox 636 4379 894 4449; x_wconf 85' lang='lat' dir='ltr'><strong>superscriptiones,</strong></span> <span class='ocrx_word' id='word_1_352' title='bbox 907 4380 938 4435; x_wconf 94' lang='lat' dir='ltr'><strong>in</strong></span> <span class='ocrx_word' id='word_1_353' title='bbox 955 4380 1056 4449; x_wconf 88' lang='lat' dir='ltr'><strong>quibus</strong></span> <span class='ocrx_word' id='word_1_354' title='bbox 1074 4380 1138 4436; x_wconf 84' lang='lat' dir='ltr'><strong>illae</strong></span> <span class='ocrx_word' id='word_1_355' title='bbox 1156 4383 1240 4437; x_wconf 81' lang='lat' dir='ltr'><strong>notae</strong></span> <span class='ocrx_word' id='word_1_356' title='bbox 1257 4385 1394 4450; x_wconf 70' lang='lat' dir='ltr'><strong>expecta·</strong></span> 
     </span>
     <span class='ocr_line' id='line_1_42' title="bbox 168 4461 704 4538; baseline 0 -22"><span class='ocrx_word' id='word_1_357' title='bbox 168 4465 273 4534; x_wconf 80' lang='lat' dir='ltr'><strong>rentur,</strong></span> <span class='ocrx_word' id='word_1_358' title='bbox 291 4461 414 4521; x_wconf 85' lang='lat' dir='ltr'><strong>dilucide</strong></span> <span class='ocrx_word' id='word_1_359' title='bbox 431 4461 525 4538; x_wconf 83' lang='lat' dir='ltr'><strong>legere</strong></span> <span class='ocrx_word' id='word_1_360' title='bbox 542 4462 704 4534; x_wconf 81' lang='lat' dir='ltr'><strong>potnerint‘.</strong></span> 
     </span>
    </p>
   </div>
   <div class='ocr_carea' id='block_1_6' title="bbox 0 0 1566 5138">
    <p class='ocr_par' dir='ltr' id='par_1_8' title="bbox 0 0 1566 5138">
     <span class='ocr_line' id='line_1_43' title="bbox 0 0 1566 5138; baseline 0 0"><span class='ocrx_word' id='word_1_361' title='bbox 0 0 1566 5138; x_wconf 95' lang='lat' dir='ltr'><strong> </strong></span> 
     </span>
    </p>
   </div>
  </div>
 </body>
</html>
