3120 5138
757 323 799 388 27

168 531 240 594 Mil.
256 530 331 614 plna
350 528 433 594 1275
464 529 510 595 B:
533 529 612 616 quid
636 530 702 596 volt
724 552 776 597 me
797 531 904 596 iacere
925 527 1011 596 ista?
1025 529 1039 618 ΙΙ
1054 529 1111 596 Ad
1134 530 1191 595 sed
1215 553 1280 609 eas,

526 632 587 699 cl)
610 632 653 698 ad
676 642 863 711 sentens,

164 757 274 801 nonne
301 735 334 798 iu
360 734 498 820 proclivi
526 745 574 800 est
601 735 765 814 conicere,
794 736 880 801 hane
907 758 1035 822 quoque
1063 735 1314 822 discrepantiam
1342 737 1390 804 sic

164 835 405 923 expediendam
429 859 515 914 esse,
546 836 684 904 utillud
710 841 810 925 ipsum
834 839 886 905 vel
914 851 947 903 nt
969 839 1141 906 frustulum
1170 840 1212 905 sit
1233 841 1391 926 deperditi

164 951 281 1006 versus
307 938 369 1004 748
379 956 406 1017 a,
432 939 488 1024 qui
515 939 548 1003 in
577 939 679 1006 altera
706 941 893 1007 recensione
922 942 1206 1009 coniunctionem
1234 942 1392 1028 superiori

165 1040 275 1109 versui
297 1041 498 1120 subiunctus,
521 1041 553 1106 in
577 1041 680 1107 altera
706 1062 727 1107 a
748 1065 845 1109 versu
867 1043 930 1110 748
957 1043 1106 1132 graviore
1134 1043 1392 1130 interpunctione

166 1145 341 1212 distinctus
362 1143 468 1228 fuerit,
492 1144 533 1209 ad
557 1145 643 1211 hunc
664 1146 732 1212 iere
753 1146 899 1212 modum:

210 1248 253 1314 P:
277 1247 368 1314 Men
392 1246 476 1312 Vide
499 1247 526 1312 si
549 1247 613 1312 hoe
633 1247 747 1314 utibile
770 1249 874 1336 magis
897 1260 994 1333 atque
1017 1248 1050 1312 in
1073 1270 1141 1313 rem
1164 1247 1312 1337 deputas,

382 1349 427 1415 Ut
449 1349 563 1438 [adeas
583 1350 824 1416 adulescentem
842 1361 874 1416 et
896 1373 964 1416 rem
979 1374 1107 1418 omnem
1123 1351 1152 1418 ei
1172 1351 1318 1418 erednas.

231 1451 363 1519 OAnL.
379 1453 424 1519 Ut
442 1453 518 1541 ego]
543 1454 657 1520 adeam
679 1452 895 1520 Lesbonicum
919 1476 946 1518 e
970 1477 1001 1539 q.
1024 1477 1049 1523 s.

211 1556 260 1620 A.
385 1603 836 1626 .......
882 1556 1034 1642 deputas:

381 1656 496 1744 Ipsum
518 1658 617 1723 adeas
640 1659 927 1726 adulescenteme
950 1682 981 1744 q.
1003 1681 1029 1724 s.

168 1761 198 1826 si
235 1760 320 1825 huno
353 1761 545 1827 sententiam
577 1762 816 1847 amplectimur,
854 1770 927 1826 utra
964 1759 1124 1846 scriptura
1157 1758 1327 1823 retinenda
1351 1758 1393 1823 sit

170 1863 344 1930 diiudicari
360 1884 422 1928 non
444 1874 564 1948 posset,
587 1864 707 1928 nisiex
728 1864 910 1949 insequenti
927 1885 1024 1929 versu
1039 1860 1165 1947 aliquid
1184 1860 1393 1929 lucraremur.

169 1964 240 2030 sine
266 1963 365 2030 dubio
393 1965 478 2030 euim
506 1987 635 2030 versum
659 1966 722 2032 750
744 1965 954 2032 Ambrosiani
979 1976 1140 2031 corrector
1162 1962 1280 2048 attigit,
1309 1960 1389 2027 etis

172 2067 305 2153 quidem
328 2090 391 2132 non
414 2068 601 2147 sententiae,
624 2069 680 2134 sed
703 2068 796 2134 metri
819 2067 1020 2134 solummodo
1036 2065 1226 2132 restituendi
1242 2063 1391 2150 cupidus.

171 2171 206 2234 in
227 2169 257 2234 P
280 2170 366 2234 enim
382 2192 456 2234 eum
470 2170 718 2258 interpolatione
740 2171 787 2237 sic
803 2170 935 2257 legitur:
958 2169 1036 2252 ,Sed
1052 2179 1089 2235 ut
1105 2189 1166 2254 ego
1183 2188 1268 2233 nunc
1283 2166 1392 2231 adule-

169 2274 274 2339 scenti
295 2273 505 2339 thensaurum
536 2273 723 2342 indicemi‘.
763 2275 832 2348 aed,
855 2273 943 2358 quod
964 2271 1056 2338 initio
1082 2269 1235 2336 orationis
1256 2270 1393 2335 fortasse

169 2377 306 2442 haberet
339 2398 403 2461 quo
436 2375 680 2454 defenderetur,
717 2388 791 2462 post
823 2400 853 2441 v.
883 2375 946 2441 749
973 2373 1101 2442 Callicli
1134 2373 1335 2439 vindicatum
1357 2383 1394 2440 ut

172 2480 319 2565 ineptum
340 2479 572 2545 removendum
594 2480 693 2566 est¹)‚
716 2502 781 2564 quo
802 2481 888 2545 facto
910 2477 988 2543 iuP
1010 2477 1134 2564 integer
1156 2499 1269 2542 versus
1285 2475 1394 2541 evadit

172 2581 288 2646 Plauto
312 2580 353 2647 ab
373 2581 460 2646 omni
485 2592 575 2666 parte
591 2581 720 2668 dignus.
765 2582 843 2669 quid
858 2603 936 2649 vero
967 2579 1024 2646 A?
1053 2591 1180 2646 servato
1194 2581 1262 2655 sed,
1289 2578 1394 2645 deleto

171 2696 215 2759 ut,
238 2683 434 2769 transposito
457 2705 511 2769 epo
524 2707 602 2747 nano
617 2695 754 2750 metrum
770 2706 847 2750 saue
869 2696 1058 2762 correctum,
1081 2681 1239 2749 sententia
1253 2704 1394 2770 pessum·

172 2785 250 2851 data
272 2797 329 2853 est.
371 2784 523 2868 quoniam
550 2796 659 2849 autem
681 2785 772 2850 initio
795 2807 946 2850 versuum
968 2787 1029 2850 747
1052 2796 1085 2851 et
1106 2785 1171 2851 750
1191 2783 1393 2873 grammatici

173 2889 334 2955 industria
354 2888 610 2954 Ambrosianum
632 2887 860 2973 interpolatum
883 2910 952 2952 esse
975 2888 1125 2966 vidimus,
1150 2911 1214 2954 non
1236 2886 1393 2952 absonum

171 3003 251 3079 puto
273 2992 307 3056 in
335 2991 440 3057 medio
463 3014 592 3076 quoque
614 3012 709 3056 versu
732 2990 809 3077 (748
818 2991 849 3077 ὓ)
877 2989 1032 3056 maiorem
1049 2990 1145 3055 fidem
1169 2990 1198 3055 ei
1215 2988 1394 3056 recensioni

171 3095 307 3171 habere,
347 3117 430 3179 quae
464 3117 561 3179 quam
595 3104 745 3159 accurate
781 3092 843 3157 hoe
876 3091 1007 3180 quidem
1042 3092 1112 3158 loco
1138 3114 1180 3157 ex
1215 3090 1393 3179 archetypo

173 3198 334 3284 descripta
369 3196 410 3261 sit
447 3218 543 3262 versu
577 3195 640 3261 750
671 3194 818 3280 inprimis
851 3194 1098 3262 demonstratur.
1151 3194 1278 3260 accedit
1307 3192 1394 3279 quod

172 3298 331 3364 Palatinis
353 3298 441 3363 favet
462 3299 552 3364 locus
568 3297 749 3363 simillimus
771 3298 842 3362 Mtt
859 3297 901 3383 pt
924 3296 1003 3362 237:
1025 3296 1135 3380 ‚Nrinc
1157 3295 1395 3363 cierationem

171 3401 369 3487 incipissem,
392 3401 494 3466 hanc
515 3401 680 3467 instituam
703 3400 855 3465 astutiam
874 3399 887 3489 1)
912 3399 959 3466 Ut
973 3439 1011 3449 -
1024 3400 1152 3465 dicam.‘

113 3440 139 3564 d
257 3505 368 3569 Pseud.
387 3504 469 3569 1187
513 3503 603 3570 Simo
627 3515 660 3569 et
678 3502 787 3569 Ballio
802 3525 894 3568 senes
909 3503 1102 3590 Harpagem
1118 3502 1275 3579 occidam,
1297 3521 1394 3585 quem

173 3607 298 3672 scilicet
331 3629 350 3670 a
381 3605 546 3672 Pseudulo
579 3606 630 3670 sui
658 3605 874 3670 defraudandi
908 3627 1006 3671 causa
1034 3607 1236 3692 suppositum
1269 3615 1395 3690 putant,

172 3709 388 3792 ludificantes,
426 3709 539 3794 quanti
575 3720 724 3773 omatum
757 3707 930 3772 militarem
966 3730 986 3772 a
1018 3709 1160 3794 chorago
1193 3705 1395 3784 conduxerit,

172 3813 383 3898 interrogant.
429 3823 525 3896 atque
545 3810 622 3874 inde
637 3832 658 3874 a
673 3833 702 3876 v.
721 3809 804 3874 1186
819 3809 1043 3876 Palatiuorum
1057 3811 1138 3875 haec
1153 3819 1202 3874 est
1217 3809 1392 3893 scripturae

527 3912 606 3999 quid
628 3912 786 3977 mercedis
807 3922 939 3997 petasus
960 3912 1056 3978 hodie
1078 3911 1207 3978 domiuo
1230 3909 1394 3976 demeret?

258 4016 399 4082 HARP.
422 4016 508 4102 Quoi
521 4015 674 4081 domino?
698 4013 777 4099 quid
793 4016 871 4080 socii
887 4017 946 4102 (=
959 4015 1082 4103 socci)?
1105 4014 1183 4100 quid
1206 4012 1394 4079 somniatis?

580 4140 651 4184 mea
673 4117 804 4203 quidem
826 4118 907 4186 haec
928 4117 1034 4184 habeo
1055 4117 1173 4186 omnia.

175 4275 377 4284 ——-———--

261 4405 416 4474 ¹)Brixius
439 4407 496 4461 tria
523 4406 651 4477 exempla
674 4407 752 4462 vocis
775 4409 821 4461 sed
838 4423 983 4478 perperam
1015 4405 1110 4461 illatae
1135 4406 1218 4460 citet:
1253 4405 1326 4459 Tria
1344 4405 1395 4460 595

173 4493 270 4546 Pseud.
287 4493 337 4546 992
360 4491 422 4545 Mil.
439 4493 506 4561 plor.
524 4490 581 4546 205.
617 4490 690 4548 addo
715 4491 776 4547 Mil.
780 4493 862 4563 plor.
886 4491 937 4585 398
968 4490 1048 4546 Stich.
1071 4491 1124 4548 394
1148 4490 1207 4547 Oce.
1231 4490 1282 4546 619
1306 4488 1396 4564 Gepp.

172 4577 234 4632 Mil.
253 4577 320 4647 plor.
336 4576 388 4634 574
404 4576 447 4646 (7.)
