3120 5138
654 330 694 394 81

575 418 777 429 ———

60 546 275 599 correctorem
302 532 524 599 Palatinorum
553 536 660 599 ambae
688 535 857 613 tolerasse,
887 537 967 610 utic,
991 546 1026 602 ut
1050 532 1192 601 numeris
1214 555 1285 622 pro

61 637 214 721 spiceret,
227 637 358 702 eiecisse
369 638 567 703 credendum
579 650 637 703 ost.
655 638 712 702 sed
725 638 923 722 comparatio
935 660 1086 704 versuum
1098 639 1190 703 Poeta
1205 638 1286 706 1211

148 739 245 805 Prius
274 761 371 823 quam
406 739 517 818 ebitis,
552 763 610 805 vos
639 741 713 806 volo
741 739 868 825 ambas3
904 740 965 804 nisi
998 741 1089 828 piget
1121 741 1287 808 consistite

59 853 96 907 et
106 842 220 906 Buccis.
236 841 319 906 1140
330 841 414 919 ,ilico
430 841 544 907 ambae
555 854 698 908 manete:
711 843 772 907 hae
784 843 896 909 volunt
908 848 976 909 vos‘
988 865 1091 929 paene
1103 867 1154 909 me
1166 855 1284 922 movet,

60 959 100 1010 ut
123 945 231 1008 ambae
263 944 433 1021 retineam,
462 947 527 1009 tatic
559 956 668 1011 autem
690 949 724 1010 in
746 946 780 1009 A
802 968 844 1010 ex
866 969 897 1010 v.
921 945 962 1011 93
984 969 1061 1024 ,non
1083 945 1181 1012 sedeo
1202 947 1286 1012 istic‘

59 1047 297 1132 interpolatum
319 1047 513 1111 existimem.

108 1151 201 1216 Stich.
224 1149 287 1214 342

149 1253 199 1318 Ar
221 1253 368 1340 Ecquem
389 1254 591 1321 convenisti?
612 1253 621 1339 l
640 1254 774 1319 multos.
795 1257 804 1343 fl
823 1265 857 1319 at
878 1255 984 1321 virum
1005 1258 1022 1323 l
1045 1255 1196 1342 equidem
1218 1256 1288 1344 plu-

878 1357 977 1421 rimos

150 1457 195 1521 P:
217 1456 365 1541 Ecquem
380 1455 581 1523 convenisti?
594 1456 602 1543 ll
614 1456 740 1525 multos.
752 1457 760 1543 l
772 1468 806 1521 at
816 1461 924 1523 virum
936 1458 1095 1546 ecquem?
1107 1459 1117 1544 l
1130 1459 1287 1544 plurimos

58 1562 105 1626 de
118 1560 214 1625 simili
225 1560 259 1623 in
265 1558 373 1625 verbis
387 1560 471 1623 inter
483 1581 636 1646 personas
649 1558 879 1625 distribuendis
892 1560 1191 1647 discrepantiavide
1197 1584 1229 1648 p.
1234 1562 1286 1629 63.

109 1663 203 1728 Stich.
225 1662 289 1729 586

151 1767 195 1830 A:
220 1763 384 1829 Valuistin
406 1763 533 1850 benelll
550 1773 829 1830 sustentatumst
851 1765 973 1832 sedulo.
991 1766 1000 1853 1
1015 1766 1131 1852 edepol
1144 1766 1283 1854 gaudeo.

59 1867 263 1949 ,sustentavi‘
286 1867 324 1933 P.
367 1866 590 1931 Palatinorum
620 1868 776 1933 memoria
798 1879 833 1935 ut
854 1870 963 1934 minus
986 1871 1150 1953 exquisita
1171 1871 1286 1936 cedere

59 1971 194 2036 videtur
221 1968 453 2046 Ambrosian03
486 1978 627 2033 attamen
656 1970 716 2035 hoc
746 1971 823 2035 mihi
857 1970 1021 2058 quandam
1052 1971 1287 2038 dubitationem

60 2073 170 2150 inicit,
194 2072 280 2159 qnod
304 2095 334 2135 v.
357 2071 420 2136 467
444 2072 557 2136 eadem
581 2071 680 2137 verba
701 2084 957 2150 ,sustentatumst
978 2073 1102 2140 sedulo‘
1123 2075 1288 2160 leguntur,

60 2177 218 2262 quocirca
245 2177 381 2240 fortasse
419 2196 482 2238 non
508 2174 609 2239 falsus
644 2176 685 2239 sit
712 2177 770 2259 qui
797 2176 935 2241 coniciat
970 2188 1183 2242 correctorem
1208 2178 1289 2242 Am·

62 2279 224 2356 brosiani,
251 2299 348 2364 quem
374 2290 405 2342 et
432 2277 512 2341 alias
535 2277 577 2340 ad
601 2300 713 2342 versus
736 2279 963 2343 antecedentes
985 2281 1174 2344 memoriam
1196 2302 1286 2347 revo-

61 2403 157 2448 casse
182 2380 330 2458 vidimus,
354 2402 392 2445 ea
413 2380 487 2444 inde
511 2382 543 2444 in
565 2380 651 2446 bunc
675 2403 805 2448 versum
826 2382 1038 2448 transtulisse.
1072 2382 1183 2468 itaque
1198 2383 1286 2449 huuc

60 2487 172 2551 locum
196 2483 352 2549 noluerim
373 2505 432 2568 pro
455 2495 541 2548 certo
568 2484 763 2549 recensionis
786 2485 979 2552 documento
995 2485 1117 2551 haberi.
1151 2485 1287 2551 alterum

61 2609 144 2652 vero
170 2584 316 2650 eiusdem
343 2584 538 2650 recensionis
571 2587 771 2673 exemplum,
806 2587 892 2674 quod
925 2585 1140 2672 Niemeyerus
1172 2586 1291 2653 adtulit

61 2714 142 2777 pag.
171 2689 228 2766 36,
260 2689 344 2751 Truc.
367 2687 430 2752 369
459 2688 665 2755 eximendum
695 2699 758 2766 est,
788 2687 919 2775 quando
948 2687 1079 2771 quidem
1106 2686 1287 2755 Schocllius

61 2793 180 2880 (praes.
208 2791 293 2856 Truc.
321 2812 352 2875 p.
381 2789 489 2877 XIX)
518 2788 752 2856 demonstravit
782 2789 825 2855 ad
855 2788 990 2854 eandem
1013 2799 1111 2875 atque
1132 2790 1167 2854 A
1189 2791 1288 2874 scrip·

63 2909 174 2962 turam
198 2893 294 2959 etiam
317 2891 345 2957 P
367 2893 483 2958 redire.

112 2997 205 3063 Sciat.
229 2996 291 3060 587

153 3102 202 3165 A:
226 3098 352 3184 Edepol
367 3119 407 3162 ne
423 3119 484 3185 ego
506 3119 592 3164 nunc
614 3097 693 3163 mibi
715 3097 937 3162 mediumnum
959 3095 1047 3162 mille
1070 3117 1140 3162 esse
1162 3096 1287 3184 argenti

884 3198 983 3264 velim

153 3305 198 3370 Ba
221 3303 349 3388 Edepol
369 3326 410 3369 ne
432 3315 560 3390 egomet
583 3302 661 3366 mihi
682 3300 832 3366 medodia
855 3302 895 3368 ffc
917 3301 1006 3366 mille
1027 3322 1054 3369 e.
1078 3323 1110 3388 q.
1132 3323 1159 3366 s.

154 3407 237 3474 OD:
261 3405 387 3491 Edepol
410 3429 450 3471 ne
472 3416 599 3492 egomet
622 3405 700 3469 mibi
721 3405 862 3470 mediam
884 3427 972 3471 nunc
993 3403 1082 3469 mille
1104 3424 1132 3469 e.
1154 3425 1187 3488 q.
1209 3426 1235 3470 s.

154 3509 202 3576 Of.
225 3508 374 3574 Muelleri
396 3509 481 3572 Pron.
509 3509 613 3572 Pluut.
637 3509 711 3571 add.
740 3530 771 3592 p.
804 3507 867 3572 144
898 3507 972 3571 adn.
1007 3506 1047 3572 de
1081 3505 1288 3572 Ambrosiani

62 3613 204 3680 veritate
219 3634 284 3677 non
299 3610 429 3689 dubit03
451 3611 491 3674 de
508 3610 732 3676 Palatinornm
749 3631 834 3693 vero,
852 3632 892 3673 ex
909 3607 1026 3694 quibus
1043 3607 1105 3674 01)
1119 3609 1161 3673 ad
1177 3609 1287 3674 arche·

65 3730 184 3803 typum
213 3714 348 3800 propius
375 3713 534 3778 accedunt
561 3736 658 3797 quam
686 3713 725 3795 B,
755 3714 941 3778 recensione
968 3711 1118 3777 bifariam
1145 3712 1289 3778 iudicare

64 3819 153 3885 licet.
186 3829 291 3902 potest
325 3816 409 3880 enim
443 3837 484 3879 ex
514 3813 644 3900 ingenio
679 3815 866 3880 correctoris
894 3814 949 3879 bic
976 3835 1087 3880 versus
1113 3814 1289 3900 prodiisse:

65 3906 206 4006 ,Edepol
228 3943 268 3984 ne
291 3929 419 4003 egomet
441 3917 520 3981 mihi
542 3939 628 3981 nunc
650 3917 795 3983 modium
817 3918 903 3982 mille
926 3940 997 3982 esse
1021 3919 1148 4004 argenti
1171 3916 1288 3986 velim‘.

66 4024 126 4090 sed
154 4024 181 4087 si
209 4021 446 4109 comparaveris
475 4019 684 4085 Ambrosiani
710 4021 834 4084 litteras
864 4021 1071 4084 mediumnum
1098 4041 1173 4084 cum
1194 4017 1289 4083 Pala·

65 4128 209 4191 tinorum
236 4122 384 4210 apicibus
411 4125 637 4201 mediumuumc,
665 4124 699 4187 in
720 4121 770 4188 bis
793 4122 875 4187 nihil
897 4123 960 4188 nisi
980 4124 1167 4187 medimnum
1188 4121 1289 4186 latere

66 4229 212 4305 videtur,
245 4238 282 4293 ut
313 4227 360 4290 sic
393 4227 581 4290 correctoris
615 4248 728 4291 versus
754 4225 961 4312 retingendus
991 4225 1047 4290 sit:
1087 4208 1225 4309 ,Fldepol
1248 4246 1287 4289 ne

66 4341 198 4418 egomet
224 4329 305 4394 mihi
339 4329 537 4393 medimnum
570 4328 657 4392 mille
692 4350 762 4392 esse
796 4327 922 4415 argenti
955 4327 1073 4391 velim‘.
1127 4325 1185 4389 sed
1217 4337 1292 4391 utro

67 4446 99 4500 te
122 4444 241 4511 vertas,
263 4432 325 4497 hoc
348 4442 472 4495 certum
495 4429 633 4506 videtur,
657 4428 817 4514 syllabam
838 4440 898 4493 met
920 4451 941 4493 a
962 4436 1142 4491 correctore
1164 4426 1289 4492 illatam
1380 4462 1388 4480 1-

68 4558 150 4617 esse,
174 4546 209 4601 ut
230 4535 327 4599 metri
349 4534 575 4598 detrimentum
597 4533 754 4619 expleret.

1106 4651 1123 4707 6
