3120 5138
575 39 777 126 -ur-

58 229 116 293 vix
140 228 222 295 liaeo
244 228 337 307 dixit,
359 250 432 294 cum
453 228 698 316 Theopropides
720 230 894 317 egreditur,
918 229 1009 295 euius
1033 229 1143 316 primis
1167 229 1283 308 verbis,

57 353 146 416 quae
168 328 290 396 Tranio
312 341 481 409 metuerat,
505 333 744 400 confirmantur.
788 354 829 397 en
851 330 949 397 habes
974 331 1119 397 strictum
1143 342 1175 397 et
1197 354 1287 420 prae·

57 434 166 499 cisum
201 434 356 499 orationis
390 455 608 520 progressum.
661 435 695 499 A
729 457 805 500 vero
837 443 909 521 post
939 456 969 497 v.
994 433 1079 497 1054
1106 434 1249 518 quinque
1258 435 1286 519 1)

55 560 174 603 versus
196 539 316 620 inserit,
341 559 479 620 quorum
494 537 573 620 quid
596 539 707 624 primis
730 549 881 625 quattuor
901 537 999 601 fuerit
1022 560 1061 603 ne
1089 537 1284 605 Studemun-

60 639 126 704 dus
149 639 282 724 quidem
305 640 458 724 dispexit.
503 640 559 702 sed
581 639 712 705 ultimus
735 639 822 705 solus

146 742 397 829 Praeoccupabo
420 752 518 829 atque
542 743 746 806 anteveniam
769 753 801 808 et
821 743 934 808 foedus
957 743 1088 808 feriam:
1112 765 1284 808 memoror

58 845 185 910 sufficit
217 847 257 910 ad
295 843 577 932 interpolationem
618 843 841 930 detegendam.
901 868 940 910 ac
977 846 1117 930 primum
1155 847 1286 930 quidem

53 949 234 1014 dictionem
262 950 318 1014 vix
349 949 521 1036 quisquam
549 947 746 1025 laudaverit3
779 949 1009 1034 praeoccupabo
1037 958 1069 1012 et
1098 951 1284 1013 anteveniam

58 1051 212 1118 eiusdem
235 1063 310 1117 sunt
332 1051 593 1138 significationis;
617 1051 879 1116 coniunctionum
901 1061 991 1136 atque
1013 1061 1045 1115 et
1066 1063 1093 1114 ct
1108 1074 1186 1116 usus
1209 1052 1286 1116 satis

56 1153 300 1231 incommodum
323 1153 423 1219 verba
445 1176 492 1218 mc
513 1177 614 1218 moror
637 1176 677 1218 ex
701 1154 839 1238 abrupto
862 1152 1034 1219 adduntur.
1065 1151 1183 1217 deiude
1205 1153 1285 1220 haec

58 1255 222 1321 deliberes
251 1255 363 1321 velim:
393 1254 514 1320 Tranio
539 1278 590 1321 res
620 1279 640 1319 a
667 1277 701 1319 se
731 1267 840 1341 gestas
868 1277 926 1343 per
952 1256 1109 1342 imagines
1139 1256 1286 1322 debello

58 1357 163 1443 (1047
193 1359 256 1444 sqz)
290 1370 321 1422 et
361 1358 513 1423 institutis
551 1357 688 1445 publicis
723 1356 908 1443 desumptas
941 1358 1196 1446 (1049-1051)
1236 1358 1288 1423 de·

57 1461 244 1547 scripserat.
290 1483 386 1526 versu
409 1474 516 1526 autem
534 1461 617 1526 1055
640 1461 837 1547 metaphoris
861 1460 980 1526 relictis
1008 1483 1104 1544 quem
1128 1461 1286 1527 inlocum

57 1587 113 1628 res
142 1563 208 1628 iam
230 1587 317 1629 nunc
339 1563 496 1629 deductae
520 1564 584 1627 sint
620 1564 809 1651 simpliciter
836 1576 953 1630 narrat.
998 1564 1178 1629 eundemne
1199 1586 1286 1630 nuno

56 1666 232 1731 credamus
255 1668 373 1730 iterum
396 1667 438 1730 ad
461 1666 638 1752 imaginem
661 1667 832 1732 militarem
854 1665 1011 1733 rediisse?
1041 1668 1128 1753 quod
1153 1689 1229 1731 vero
1252 1689 1286 1731 se

56 1778 312 1832 anteventurum
343 1780 375 1832 et
397 1779 711 1854 praeoccupaturom
740 1770 774 1837 id
797 1780 845 1834 est
873 1769 965 1833 novis
992 1768 1285 1835 machinationibus

57 1871 241 1956 perniciem
264 1871 436 1935 instantem
458 1872 664 1939 defensurum
689 1872 777 1951 dicit,
802 1873 932 1937 minime
947 1873 1088 1956 quadrat
1110 1872 1151 1937 ad
1168 1882 1286 1958 poetae

58 1973 243 2051 eonsilium,
266 1974 445 2039 secundum
467 1974 555 2058 qnod
578 1976 620 2039 ad
642 1975 737 2041 finem
753 1976 816 2039 iam
839 1976 952 2041 fabula
965 1985 1127 2061 properat,
1152 1975 1284 2042 Tranio·

58 2099 136 2161 que,
160 2097 358 2159 quamquam
375 2080 487 2164 fugere
502 2089 639 2163 poterat,
662 2079 694 2142 in
718 2101 836 2144 scaena
852 2088 1005 2143 remanet.
1042 2101 1163 2162 magna
1179 2092 1285 2143 autem

59 2191 92 2242 et
127 2199 214 2242 nova
253 2178 397 2243 facinora
436 2181 585 2246 nuntiare
625 2204 730 2266 neque
770 2181 948 2268 quidquam
983 2181 1137 2267 perficere
1171 2183 1287 2267 poetae

58 2280 197 2367 dignum
226 2303 289 2345 non
335 2294 398 2360 est,
438 2284 495 2349 sed
527 2285 681 2369 poetastri
716 2306 804 2349 more
840 2284 933 2349 solito
972 2297 1086 2370 poetae
1128 2284 1285 2371 imagines

60 2383 289 2468 amplificantis
306 2385 485 2470 proprium.
529 2386 644 2450 deinde
660 2387 692 2450 in
715 2409 753 2452 eo
775 2388 973 2451 haerendum
989 2399 1047 2466 est,
1070 2387 1157 2471 quod
1180 2409 1285 2473 neque

59 2485 140 2570 quid
173 2497 470 2574 praeoccupaturos
511 2511 615 2572 neque
652 2491 704 2554 cui
738 2500 967 2554 anteventurus
1006 2511 1111 2573 neque
1147 2511 1287 2574 quocum

60 2587 176 2652 foedus
199 2589 345 2654 facturus
362 2591 403 2653 sit
433 2591 559 2655 dieitur.
594 2591 628 2654 iu
648 2591 711 2656 fine
727 2604 835 2656 autem
851 2614 1003 2657 versuum
1018 2592 1285 2678 interpolatorum

62 2691 199 2756 eandem
224 2690 325 2756 habes
347 2691 520 2759 formulam
543 2716 605 2771 ,me
622 2703 748 2777 moror‘,
774 2717 838 2778 qua
857 2694 949 2761 Saea
966 2695 1029 2758 445
1046 2717 1065 2758 a
1081 2693 1285 2780 digressioni-

59 2794 121 2858 bus
145 2793 186 2856 ad
207 2792 338 2858 fabulae
362 2797 522 2859 actionem
543 2795 649 2862 denuo
673 2796 930 2883 persequendam
953 2798 1097 2863 animum
1119 2799 1286 2863 revocavit

61 2895 196 2972 bistri0;
219 2919 423 2981 quaequam
453 2898 621 2964 commoda
651 2898 802 2964 adhunc
830 2898 928 2964 finem
951 2901 1020 2965 visa
1048 2901 1089 2964 sit
1115 2900 1287 2985 interpola·

59 2984 184 3064 toribus
226 2998 301 3063 inde
341 2999 503 3077 videmus,
548 3001 636 3084 quod
669 3000 797 3065 tertium
831 3002 865 3065 in
903 3002 1050 3068 versibus
1085 3001 1287 3090 interpolatis

62 3103 246 3189 paullulum
279 3107 446 3167 immutata
481 3103 646 3168 invenitur
673 3104 766 3168 Poea.
789 3104 869 3182 924;
904 3106 942 3170 cf.
965 3104 1115 3170 Laeuius
1138 3107 1208 3168 Act.
1229 3127 1287 3172 soc.

58 3206 171 3292 philol.
195 3205 284 3292 Lipe.
309 3203 359 3273 VI
387 3229 418 3293 p.
441 3205 514 3272 253.
558 3206 629 3271 aliis
663 3205 858 3291 quibusdam
886 3207 964 3272 locis
988 3207 1197 3272 Ambrosiani
1225 3229 1288 3271 me·

61 3309 165 3373 moria
188 3308 270 3373 adeo
293 3308 477 3374 oblitterata
500 3319 558 3386 est,
581 3320 617 3373 ut
640 3307 679 3372 de
702 3322 893 3394 argumento
908 3331 1071 3386 versuum,
1095 3331 1176 3396 quos
1198 3310 1286 3375 solus

62 3412 207 3490 exhibet,
230 3412 310 3475 nihil
335 3423 467 3480 constet.
511 3412 551 3475 de
571 3410 619 3474 his
642 3410 741 3496 igitur
764 3413 810 3475 ita
825 3411 1035 3477 iudicandum
1054 3423 1111 3489 est,
1134 3422 1170 3476 ut
1192 3411 1287 3476 certis

58 3515 227 3599 iudicandi
261 3515 465 3581 adminiculis
492 3524 639 3579 carentes
682 3513 784 3578 solam
812 3514 968 3579 rationem
1001 3536 1174 3601 sequamur
1202 3513 1288 3579 lacu·

57 3639 200 3701 namque
231 3617 264 3681 in
293 3616 487 3683 editionibus
515 3640 579 3681 uon
607 3616 803 3695 indicemus,
839 3617 899 3681 nisi
936 3616 1036 3682 etiam
1070 3617 1288 3682 Palatinorum

57 3721 247 3784 memoriam
271 3720 460 3784 lacunosum
482 3741 550 3784 esse
579 3719 647 3783 sive
670 3719 813 3784 externis
835 3721 903 3786 sive
925 3720 1058 3784 internis
1087 3719 1218 3784 indiciis
1240 3719 1286 3782 in·

58 3821 235 3908 tellegitur.·

147 3926 237 3991 Most.
262 3950 292 3990 v.
316 3923 379 3990 933
402 3923 582 3989 Phaniscus
612 3936 644 3989 et
665 3925 845 3990 advorsitor
875 3926 907 3989 in
935 3945 1093 3988 scaenam·
1120 3922 1286 4011 prodeunt,

28 4068 31 4072 ·
58 4042 96 4095 ut
120 4051 212 4094 erum
229 4051 323 4095 suum
341 4026 590 4093 Callidamatem
607 4048 681 4092 cum
697 4027 762 4093 filio
778 4026 1014 4112 Theopropidis
1035 4030 1068 4091 in
1083 4027 1178 4092 huius
1194 4024 1288 4089 domo

150 4255 170 4321 ¹)
188 4248 401 4306 Studemundus
419 4250 437 4304 l.
455 4267 479 4304 c.
497 4249 685 4304 Ritschelium
703 4249 855 4318 corrigens.
